DateTime,BidQty1,BidPrice1,BidQty2,BidPrice2,BidQty3,BidPrice3,BidQty4,BidPrice4,BidQty5,BidPrice5,BidQty6,BidPrice6,BidQty7,BidPrice7,BidQty8,BidPrice8,BidQty9,BidPrice9,BidQty10,BidPrice10,AskQty1,AskPrice1,AskQty2,AskPrice2,AskQty3,AskPrice3,AskQty4,AskPrice4,AskQty5,AskPrice5,AskQty6,AskPrice6,AskQty7,AskPrice7,AskQty8,AskPrice8,AskQty9,AskPrice9,AskQty10,AskPrice10,mid_price
2025-06-03 09:42:52,486,310.37,61,310.36,54,310.35,269,310.34,503,310.33,1000,310.32,731,310.31,73,310.3,30,310.29,750,310.28,70,310.49,12,310.51,3,310.52,100,310.53,60,310.54,222,310.56,104,310.57,185,310.59,117,310.6,185,310.61,310.43
2025-06-03 09:43:02,283,310.39,845,310.38,486,310.37,61,310.36,102,310.35,234,310.34,503,310.33,1000,310.32,731,310.31,73,310.3,61,310.5,3,310.52,9,310.53,60,310.55,162,310.57,141,310.58,35,310.59,36,310.6,35,310.61,155,310.62,310.445
2025-06-03 09:43:12,283,310.39,845,310.38,534,310.37,61,310.36,54,310.35,234,310.34,503,310.33,1000,310.32,1231,310.31,73,310.3,39,310.51,12,310.52,222,310.57,108,310.58,41,310.59,135,310.6,68,310.61,155,310.62,335,310.63,335,310.64,310.45
2025-06-03 09:43:22,344,310.4,186,310.39,545,310.38,234,310.37,61,310.36,54,310.35,234,310.34,503,310.33,1000,310.32,1231,310.31,41,310.51,11,310.52,60,310.55,162,310.57,108,310.58,35,310.59,35,310.6,68,310.61,135,310.62,35,310.63,310.455
2025-06-03 09:43:32,186,310.39,593,310.38,36,310.37,61,310.36,19,310.35,355,310.34,503,310.33,1150,310.32,1231,310.31,81,310.3,33,310.52,6,310.53,60,310.56,222,310.59,83,310.6,35,310.61,35,310.62,164,310.63,135,310.64,505,310.65,310.455
2025-06-03 09:43:42,186,310.39,593,310.38,36,310.37,661,310.36,519,310.35,110,310.34,503,310.33,1158,310.32,731,310.31,78,310.3,35,310.52,6,310.53,60,310.57,270,310.59,35,310.6,35,310.61,35,310.62,258,310.63,35,310.64,505,310.65,310.455
2025-06-03 09:43:52,545,310.38,36,310.37,661,310.36,567,310.35,110,310.34,511,310.33,1150,310.32,731,310.31,78,310.3,30,310.29,108,310.57,162,310.58,67,310.59,35,310.6,74,310.61,285,310.62,35,310.63,35,310.64,205,310.65,426,310.66,310.475
2025-06-03 09:44:02,192,310.44,683,310.43,194,310.42,135,310.41,44,310.4,151,310.39,510,310.38,1,310.37,184,310.36,519,310.35,160,310.61,12,310.62,144,310.64,275,310.65,335,310.66,435,310.67,785,310.68,75,310.69,3567,310.7,105,310.71,310.525
2025-06-03 09:44:12,344,310.42,135,310.41,44,310.4,234,310.39,510,310.38,34,310.37,626,310.36,519,310.35,720,310.34,503,310.33,100,310.59,67,310.6,48,310.61,93,310.62,185,310.63,117,310.64,355,310.65,335,310.66,435,310.67,785,310.68,310.505
2025-06-03 09:44:22,125,310.45,335,310.44,459,310.43,344,310.42,135,310.41,92,310.4,186,310.39,510,310.38,34,310.37,626,310.36,100,310.59,67,310.6,48,310.61,93,310.62,185,310.63,111,310.64,361,310.65,335,310.66,435,310.67,785,310.68,310.52
2025-06-03 09:44:32,95,310.46,147,310.45,35,310.44,635,310.43,309,310.42,100,310.41,1417,310.4,251,310.39,510,310.38,1,310.37,60,310.65,15,310.66,345,310.67,785,310.68,81,310.69,3567,310.7,153,310.71,135,310.72,36,310.73,35,310.74,310.55499999999995
2025-06-03 09:44:42,35,310.51,35,310.5,145,310.49,209,310.48,199,310.47,435,310.46,36,310.45,250,310.44,1600,310.43,329,310.42,579,310.68,99,310.69,3567,310.7,105,310.71,35,310.72,96,310.73,35,310.74,35,310.75,135,310.76,96,310.77,310.595
2025-06-03 09:44:52,35,310.53,135,310.52,35,310.51,154,310.5,335,310.49,209,310.48,285,310.47,1185,310.46,1,310.45,100,310.44,143,310.68,64,310.69,3567,310.7,105,310.71,35,310.72,36,310.73,35,310.74,95,310.75,35,310.76,96,310.77,310.605
2025-06-03 09:45:02,35,310.58,35,310.57,33,310.54,189,310.53,600,310.52,1250,310.5,50,310.49,174,310.48,150,310.46,1001,310.45,3271,310.7,120,310.71,1,310.73,13,310.77,76,310.8,35,310.81,77,310.82,35,310.83,68,310.84,343,310.85,310.64
2025-06-03 09:45:12,35,310.58,35,310.57,33,310.54,185,310.53,600,310.52,1250,310.5,50,310.49,174,310.48,150,310.46,1001,310.45,3252,310.7,50,310.71,1,310.73,13,310.77,16,310.8,95,310.81,177,310.82,35,310.83,219,310.84,391,310.85,310.64
2025-06-03 09:45:22,3,310.74,150,310.7,5,310.69,500,310.67,400,310.66,250,310.65,300,310.63,1000,310.62,300,310.61,134,310.6,35,310.85,4,310.87,3,310.88,23,310.92,172,310.94,66,310.95,154,310.96,300,310.97,100,310.98,584,310.99,310.795
2025-06-03 09:45:32,8,310.74,150,310.7,500,310.67,400,310.66,251,310.65,131,310.64,300,310.63,1000,310.62,300,310.61,3,310.6,26,310.85,2,310.86,4,310.87,3,310.88,54,310.91,23,310.92,60,310.93,10,310.94,168,310.95,154,310.96,310.795
2025-06-03 09:45:42,8,310.74,150,310.7,500,310.67,400,310.66,251,310.65,131,310.64,300,310.63,1000,310.62,300,310.61,3,310.6,22,310.85,2,310.86,4,310.87,3,310.88,54,310.92,222,310.93,10,310.94,6,310.95,159,310.96,300,310.97,310.795
2025-06-03 09:45:52,8,310.74,150,310.7,500,310.67,400,310.66,251,310.65,131,310.64,300,310.63,1000,310.62,300,310.61,3,310.6,20,310.85,2,310.86,4,310.87,3,310.88,54,310.9,60,310.92,10,310.94,168,310.95,159,310.96,300,310.97,310.795
2025-06-03 09:46:02,8,310.74,750,310.73,150,310.7,500,310.67,400,310.66,251,310.65,131,310.64,300,310.63,1000,310.62,300,310.61,86,310.85,2,310.86,4,310.87,3,310.88,162,310.93,70,310.94,6,310.95,156,310.96,300,310.97,100,310.98,310.795
2025-06-03 09:46:12,8,310.74,150,310.73,500,310.67,400,310.66,251,310.65,1200,310.63,300,310.61,134,310.6,1150,310.59,500,310.57,70,310.85,2,310.86,4,310.87,3,310.88,10,310.94,168,310.95,223,310.96,300,310.97,100,310.98,511,310.99,310.795
2025-06-03 09:46:22,2245,310.8,35,310.79,35,310.78,5,310.74,1400,310.73,250,310.72,150,310.7,131,310.68,500,310.67,610,310.66,67,310.94,58,310.95,300,310.97,100,310.98,71,310.99,1764,311.0,100,311.01,38,311.02,35,311.03,35,311.04,310.87
2025-06-03 09:46:32,35,310.92,35,310.91,95,310.9,33,310.88,600,310.87,99,310.86,500,310.85,1270,310.84,300,310.82,1210,310.81,72,311.05,2,311.06,25,311.07,3,311.09,22,311.1,3,311.11,1,311.12,162,311.13,55,311.14,175,311.15,310.985
2025-06-03 09:46:42,35,310.92,40,310.91,35,310.9,116,310.88,600,310.87,60,310.86,500,310.85,1270,310.84,300,310.82,1215,310.81,72,311.05,2,311.06,25,311.07,3,311.09,22,311.1,3,311.11,24,311.12,222,311.13,55,311.14,115,311.15,310.985
2025-06-03 09:46:52,246,310.93,35,310.92,40,310.91,150,310.88,600,310.87,500,310.86,121,310.85,1520,310.84,300,310.82,1065,310.81,56,311.06,25,311.07,3,311.09,22,311.1,24,311.12,162,311.13,80,311.14,109,311.15,376,311.16,68,311.17,310.995
2025-06-03 09:47:02,245,310.96,35,310.95,35,310.94,35,310.93,5,310.91,110,310.9,533,310.89,400,310.88,600,310.87,610,310.86,67,311.1,37,311.11,1,311.12,180,311.14,300,311.15,10,311.16,116,311.17,391,311.18,201,311.19,985,311.2,311.03
2025-06-03 09:47:12,335,310.93,95,310.92,155,310.91,222,310.88,600,310.87,1110,310.86,250,310.85,1270,310.84,300,310.82,65,310.81,61,311.06,60,311.07,426,311.08,1418,311.09,13,311.1,2,311.11,152,311.12,170,311.14,78,311.16,116,311.17,310.995
2025-06-03 09:47:22,335,310.93,95,310.92,155,310.91,222,310.88,600,310.87,1110,310.86,250,310.85,1270,310.84,300,310.82,5,310.81,80,311.05,26,311.06,61,311.07,300,311.08,1418,311.09,13,311.1,2,311.11,151,311.12,3,311.13,170,311.14,310.99
2025-06-03 09:47:32,190,310.91,60,310.89,150,310.88,600,310.87,1110,310.86,1270,310.84,250,310.82,16,310.81,1610,310.8,300,310.79,61,311.02,60,311.03,343,311.04,20,311.05,1,311.06,34,311.07,303,311.08,1418,311.09,13,311.1,2,311.11,310.96500000000003
2025-06-03 09:47:42,490,310.91,300,310.9,60,310.89,150,310.88,600,310.87,1110,310.86,1270,310.84,250,310.82,5,310.81,1610,310.8,45,311.02,60,311.03,343,311.04,1,311.05,1,311.06,35,311.07,303,311.08,1418,311.09,13,311.1,100,311.11,310.96500000000003
2025-06-03 09:47:52,35,310.9,60,310.89,150,310.88,600,310.87,610,310.86,1120,310.84,250,310.82,210,310.81,2110,310.8,300,310.79,120,311.03,349,311.04,21,311.05,1,311.06,101,311.07,336,311.08,1421,311.09,13,311.1,150,311.11,1,311.12,310.965
2025-06-03 09:48:02,945,310.86,270,310.84,417,310.82,155,310.81,1610,310.8,300,310.79,1650,310.77,47,310.72,1505,310.71,8,310.69,196,311.02,60,311.03,320,311.04,86,311.06,313,311.07,336,311.08,1571,311.09,48,311.1,83,311.11,336,311.12,310.94
2025-06-03 09:48:12,35,310.93,35,310.92,5,310.91,257,310.87,405,310.86,500,310.85,1120,310.84,300,310.83,1167,310.82,155,310.81,44,311.14,186,311.15,128,311.16,135,311.17,38,311.18,133,311.19,985,311.2,66,311.21,608,311.22,335,311.23,311.03499999999997
2025-06-03 09:48:22,35,310.97,35,310.96,74,310.95,1135,310.94,129,310.91,400,310.9,100,310.87,322,310.86,1000,310.85,1120,310.84,20,311.14,10,311.16,20,311.17,106,311.18,386,311.19,1085,311.2,61,311.21,308,311.22,35,311.23,191,311.24,311.055
2025-06-03 09:48:32,885,310.94,35,310.93,129,310.91,650,310.9,322,310.86,1000,310.85,1120,310.84,500,310.82,155,310.81,150,310.77,55,311.14,161,311.15,10,311.16,148,311.17,57,311.18,353,311.19,985,311.2,61,311.21,308,311.22,35,311.23,311.03999999999996
2025-06-03 09:48:42,35,310.92,464,310.91,485,310.9,33,310.88,822,310.86,1120,310.84,300,310.83,155,310.81,250,310.8,168,310.78,40,311.03,11,311.05,60,311.09,93,311.11,250,311.12,503,311.13,200,311.14,114,311.15,345,311.16,335,311.17,310.975
2025-06-03 09:48:52,340,310.91,485,310.9,35,310.89,10,310.87,822,310.86,1120,310.84,300,310.83,155,310.81,250,310.8,168,310.78,40,311.03,11,311.05,153,311.11,250,311.12,539,311.13,201,311.14,113,311.15,345,311.16,335,311.17,84,311.18,310.97
2025-06-03 09:49:02,235,310.91,185,310.9,35,310.89,335,310.88,58,310.87,922,310.86,500,310.85,1120,310.84,300,310.83,155,310.81,45,311.03,11,311.05,160,311.06,360,311.09,450,311.1,285,311.12,539,311.13,51,311.14,43,311.15,45,311.16,310.97
2025-06-03 09:49:12,230,310.89,335,310.88,35,310.87,922,310.86,500,310.85,1120,310.84,155,310.81,700,310.77,500,310.76,168,310.73,40,311.02,115,311.03,153,311.08,400,311.09,450,311.1,35,311.11,186,311.12,536,311.13,51,311.14,43,311.15,310.955
2025-06-03 09:49:22,135,310.87,957,310.86,35,310.85,120,310.84,155,310.81,500,310.8,1150,310.77,250,310.74,313,310.72,13,310.71,154,311.01,60,311.04,243,311.06,303,311.07,450,311.08,335,311.09,85,311.1,35,311.11,37,311.12,584,311.13,310.94
2025-06-03 09:49:32,68,310.89,335,310.88,35,310.87,957,310.86,35,310.85,120,310.84,155,310.81,500,310.8,120,310.78,1150,310.77,100,311.03,76,311.04,101,311.05,243,311.06,300,311.07,450,311.08,335,311.09,85,311.1,58,311.11,37,311.12,310.96
2025-06-03 09:49:42,123,310.89,635,310.88,335,310.87,922,310.86,120,310.84,155,310.81,500,310.79,1000,310.77,8,310.75,250,310.74,1,311.05,15,311.06,93,311.08,60,311.09,50,311.1,35,311.11,93,311.12,936,311.13,350,311.14,43,311.15,310.97
2025-06-03 09:49:52,224,310.95,35,310.94,185,310.93,35,310.92,40,310.91,35,310.9,123,310.89,335,310.88,1672,310.86,120,310.84,66,311.1,189,311.12,636,311.13,50,311.14,46,311.15,495,311.16,459,311.17,233,311.18,353,311.19,998,311.2,311.025
2025-06-03 09:50:02,35,310.9,35,310.89,185,310.88,68,310.87,290,310.86,35,310.85,120,310.84,150,310.83,5,310.81,300,310.8,58,311.04,60,311.08,92,311.09,200,311.1,135,311.11,39,311.12,536,311.13,51,311.14,493,311.15,45,311.16,310.97
2025-06-03 09:50:12,35,310.9,35,310.89,185,310.88,68,310.87,290,310.86,35,310.85,120,310.84,150,310.83,5,310.81,300,310.8,48,311.04,60,311.07,192,311.09,300,311.1,135,311.11,36,311.12,536,311.13,51,311.14,493,311.15,45,311.16,310.97
2025-06-03 09:50:22,35,310.89,185,310.88,68,310.87,290,310.86,35,310.85,120,310.84,150,310.83,5,310.81,311,310.8,650,310.78,47,311.04,60,311.06,192,311.09,300,311.1,135,311.11,36,311.12,536,311.13,51,311.14,493,311.15,45,311.16,310.96500000000003
2025-06-03 09:50:32,5,310.81,311,310.8,243,310.76,750,310.75,5,310.71,114,310.66,301,310.65,200,310.63,286,310.61,5503,310.6,72,311.08,100,311.09,150,311.1,501,311.13,16,311.14,8,311.15,10,311.16,455,311.17,300,311.18,47,311.19,310.945
2025-06-03 09:50:42,120,310.84,5,310.81,311,310.8,59,310.77,743,310.76,5,310.71,250,310.7,500,310.67,301,310.65,200,310.63,100,311.06,8,311.07,60,311.08,100,311.09,150,311.1,276,311.12,502,311.13,15,311.14,8,311.15,10,311.16,310.95
2025-06-03 09:50:52,300,310.8,500,310.79,243,310.76,250,310.75,5,310.71,227,310.68,500,310.67,301,310.65,200,310.63,5503,310.6,105,311.05,100,311.06,1,311.07,29,311.08,160,311.09,250,311.1,243,311.12,502,311.13,15,311.14,8,311.15,310.925
2025-06-03 09:51:02,500,310.76,255,310.71,400,310.68,500,310.67,301,310.65,200,310.63,243,310.61,5503,310.6,35,310.52,10,310.51,5,311.03,243,311.04,98,311.05,160,311.06,1,311.07,51,311.09,250,311.1,62,311.12,502,311.13,15,311.14,310.895
2025-06-03 09:51:12,500,310.76,255,310.71,400,310.68,500,310.67,301,310.65,200,310.63,243,310.61,5503,310.6,35,310.52,10,310.51,97,311.05,105,311.06,1,311.07,1,311.08,314,311.09,315,311.1,62,311.12,502,311.13,15,311.14,8,311.15,310.905
2025-06-03 09:51:22,200,310.73,5,310.71,2,310.68,59,310.67,200,310.66,251,310.65,617,310.63,500,310.62,5503,310.6,35,310.52,105,310.99,9,311.01,60,311.06,1,311.07,306,311.08,71,311.09,255,311.1,179,311.12,502,311.13,1015,311.14,310.86
2025-06-03 09:51:32,302,310.68,200,310.66,1,310.65,300,310.64,243,310.63,500,310.62,5503,310.6,250,310.59,35,310.52,69,310.51,211,310.92,10,310.94,108,310.95,100,310.99,11,311.0,9,311.01,60,311.02,10,311.04,419,311.06,1,311.07,310.8
2025-06-03 09:51:42,342,310.65,300,310.64,243,310.63,500,310.62,5503,310.6,250,310.59,35,310.52,69,310.51,101,310.5,50,310.49,10,310.9,272,310.91,206,310.92,108,310.95,33,310.99,320,311.0,69,311.01,189,311.04,250,311.05,243,311.06,310.775
2025-06-03 09:51:52,33,310.67,200,310.66,342,310.65,300,310.64,500,310.62,5503,310.6,250,310.59,35,310.52,69,310.51,101,310.5,85,310.91,155,310.92,108,310.95,243,310.98,89,310.99,320,311.0,9,311.01,124,311.04,341,311.06,1502,311.07,310.79
2025-06-03 09:52:02,2340,310.63,500,310.62,5503,310.6,250,310.59,35,310.52,69,310.51,101,310.5,50,310.49,174,310.48,4,310.45,22,310.9,272,310.91,155,310.92,108,310.95,60,310.97,276,310.99,320,311.0,9,311.01,374,311.04,65,311.06,310.765
2025-06-03 09:52:12,2113,310.72,251,310.71,2,310.68,1,310.65,374,310.63,500,310.62,5503,310.6,250,310.59,35,310.52,69,310.51,31,310.94,14,310.95,276,310.99,325,311.0,9,311.01,60,311.03,124,311.04,308,311.06,1502,311.07,1,311.08,310.83000000000004
2025-06-03 09:52:22,251,310.71,2,310.68,33,310.67,2213,310.66,1,310.65,250,310.64,227,310.63,500,310.62,5503,310.6,35,310.52,243,310.93,144,310.94,5,310.95,276,310.99,325,311.0,69,311.01,124,311.04,65,311.06,2002,311.07,1,311.08,310.82
2025-06-03 09:52:32,333,310.67,100,310.66,1,310.65,2125,310.64,341,310.63,500,310.62,5793,310.6,35,310.52,69,310.51,101,310.5,30,310.9,1,310.91,10,310.92,110,310.94,5,310.95,579,310.99,327,311.0,9,311.01,124,311.04,124,311.06,310.78499999999997
2025-06-03 09:52:42,1,310.71,376,310.68,300,310.67,1,310.65,250,310.62,5793,310.6,35,310.52,10,310.51,101,310.5,50,310.49,246,310.97,46,310.98,243,310.99,387,311.0,9,311.01,124,311.04,1,311.07,60,311.08,136,311.09,288,311.1,310.84000000000003
2025-06-03 09:52:52,2125,310.64,227,310.61,5543,310.6,500,310.58,250,310.57,35,310.52,10,310.51,104,310.5,50,310.49,174,310.48,116,310.9,15,310.93,24,310.95,6,310.96,336,310.97,243,310.99,327,311.0,9,311.01,124,311.04,125,311.07,310.77
2025-06-03 09:53:02,2097,310.69,116,310.68,250,310.67,261,310.65,300,310.63,11,310.62,5793,310.6,500,310.58,35,310.52,10,310.51,243,310.9,120,310.91,100,310.93,100,310.95,60,310.97,203,311.0,9,311.01,10,311.04,114,311.06,401,311.07,310.79499999999996
2025-06-03 09:53:12,1,310.65,238,310.62,2211,310.61,5543,310.6,500,310.58,243,310.56,250,310.55,35,310.52,10,310.51,104,310.5,8,310.89,100,310.9,18,310.91,60,310.97,551,310.99,703,311.0,9,311.01,10,311.04,600,311.06,1182,311.07,310.77
2025-06-03 09:53:22,2,310.68,300,310.67,2168,310.65,238,310.62,114,310.61,5793,310.6,500,310.58,243,310.53,35,310.52,10,310.51,14,310.88,21,310.89,200,310.9,546,310.97,88,310.98,65,310.99,703,311.0,9,311.01,10,311.04,114,311.05,310.78
2025-06-03 09:53:32,100,310.7,102,310.68,300,310.67,2109,310.66,321,310.65,341,310.64,500,310.63,11,310.62,59,310.61,5543,310.6,100,310.9,17,310.91,10,310.95,2,310.96,88,310.98,486,310.99,763,311.0,9,311.01,60,311.02,10,311.04,310.79999999999995
2025-06-03 09:53:42,1,310.71,100,310.7,102,310.68,2409,310.67,321,310.65,341,310.64,500,310.63,11,310.62,5543,310.6,243,310.53,149,310.9,17,310.91,243,310.93,100,310.94,110,310.95,100,310.96,148,310.98,243,310.99,763,311.0,9,311.01,310.80499999999995
2025-06-03 09:53:52,200,310.76,250,310.75,250,310.74,1,310.71,100,310.7,2111,310.68,71,310.65,500,310.63,11,310.62,43,310.6,132,310.95,100,310.96,88,310.98,486,310.99,763,311.0,69,311.01,10,311.04,263,311.07,1,311.08,71,311.09,310.855
2025-06-03 09:54:02,200,310.76,250,310.75,250,310.74,2120,310.71,100,310.7,2,310.68,71,310.65,500,310.63,11,310.62,43,310.6,28,310.95,100,310.96,486,310.97,188,310.98,763,311.0,69,311.01,10,311.04,263,311.07,501,311.08,71,311.09,310.855
2025-06-03 09:54:12,200,310.76,250,310.75,250,310.74,2120,310.71,100,310.7,2,310.68,71,310.65,500,310.63,11,310.62,43,310.6,28,310.95,100,310.96,88,310.98,343,310.99,764,311.0,69,311.01,10,311.04,243,311.06,165,311.07,34,311.08,310.855
2025-06-03 09:54:22,40,310.84,5500,310.83,150,310.81,3,310.8,500,310.78,350,310.76,250,310.74,2119,310.73,151,310.71,100,310.7,92,310.96,260,310.97,88,310.98,343,310.99,764,311.0,9,311.01,60,311.02,160,311.04,165,311.07,93,311.08,310.9
2025-06-03 09:54:32,38,310.84,5500,310.83,150,310.81,3,310.8,500,310.78,350,310.76,250,310.74,2128,310.73,151,310.71,100,310.7,92,310.96,216,310.97,89,310.98,343,310.99,764,311.0,9,311.01,160,311.02,160,311.04,51,311.07,336,311.08,310.9
2025-06-03 09:54:42,38,310.84,5500,310.83,150,310.81,3,310.8,500,310.78,350,310.76,250,310.74,2128,310.73,151,310.71,100,310.7,83,310.96,216,310.97,89,310.98,343,310.99,764,311.0,109,311.01,60,311.02,160,311.04,51,311.07,336,311.08,310.9
2025-06-03 09:54:52,5,310.84,5500,310.83,150,310.81,3,310.8,500,310.78,350,310.76,250,310.74,2128,310.73,151,310.71,100,310.7,83,310.96,216,310.97,89,310.98,100,310.99,864,311.0,9,311.01,60,311.02,10,311.04,243,311.06,52,311.07,310.9
2025-06-03 09:55:02,5534,310.83,250,310.81,3,310.8,350,310.76,500,310.73,401,310.71,100,310.7,1002,310.68,2261,310.66,71,310.65,100,310.94,260,310.95,384,310.96,200,310.97,1089,310.98,100,310.99,764,311.0,9,311.01,150,311.02,160,311.04,310.885
2025-06-03 09:55:12,5534,310.83,150,310.81,3,310.8,33,310.77,1600,310.76,2111,310.72,401,310.71,100,310.7,2,310.68,150,310.66,30,310.94,290,310.95,424,310.96,200,310.97,89,310.98,160,310.99,764,311.0,9,311.01,150,311.02,160,311.04,310.885
2025-06-03 09:55:22,5534,310.83,150,310.81,3,310.8,1600,310.76,5,310.75,401,310.71,2211,310.7,2,310.68,150,310.66,71,310.65,129,310.94,47,310.95,100,310.96,536,310.97,189,310.98,100,310.99,764,311.0,69,311.01,10,311.04,98,311.05,310.885
2025-06-03 09:55:32,5500,310.83,150,310.81,3,310.8,1600,310.76,401,310.71,2167,310.7,2,310.68,150,310.66,71,310.65,500,310.64,129,310.94,47,310.95,50,310.97,89,310.98,243,310.99,864,311.0,69,311.01,10,311.04,341,311.05,1000,311.06,310.885
2025-06-03 09:55:42,5500,310.83,3,310.8,1350,310.76,250,310.73,2468,310.71,100,310.7,2,310.68,150,310.66,71,310.65,500,310.64,38,310.94,31,310.95,64,310.97,89,310.98,764,311.0,9,311.01,60,311.02,10,311.04,651,311.05,1000,311.06,310.885
2025-06-03 09:55:52,5534,310.83,134,310.82,184,310.81,3,310.8,33,310.77,1150,310.76,250,310.74,500,310.73,200,310.72,2218,310.71,136,310.94,44,310.95,50,310.97,89,310.98,486,310.99,829,311.0,159,311.01,150,311.03,11,311.04,191,311.05,310.885
2025-06-03 09:56:02,305,310.84,5500,310.83,33,310.81,153,310.8,150,310.78,1500,310.76,250,310.74,200,310.72,2249,310.71,100,310.7,31,310.95,255,310.96,50,310.97,89,310.98,243,310.99,769,311.0,9,311.01,160,311.03,11,311.04,65,311.05,310.895
2025-06-03 09:56:12,5,310.84,5500,310.83,153,310.8,33,310.77,1500,310.76,250,310.74,2298,310.72,151,310.71,100,310.7,2,310.68,70,310.95,12,310.96,50,310.97,1,310.98,486,310.99,789,311.0,9,311.01,71,311.04,165,311.05,1000,311.06,310.895
2025-06-03 09:56:23,84,310.95,34,310.94,92,310.89,421,310.88,449,310.87,700,310.86,2098,310.85,155,310.84,5500,310.83,153,310.8,64,311.09,288,311.1,1,311.11,500,311.13,76,311.14,158,311.15,10,311.16,301,311.17,34,311.18,117,311.19,311.02
2025-06-03 09:56:33,34,310.96,84,310.95,34,310.94,283,310.89,421,310.88,449,310.87,2069,310.85,155,310.84,5500,310.83,153,310.8,162,311.09,288,311.1,1,311.11,243,311.12,660,311.13,15,311.14,158,311.15,10,311.16,301,311.17,34,311.18,311.025
2025-06-03 09:56:43,34,310.97,34,310.96,84,310.95,59,310.9,250,310.89,421,310.88,449,310.87,167,310.86,2069,310.85,155,310.84,100,311.09,301,311.1,1,311.11,500,311.13,75,311.14,258,311.15,10,311.16,301,311.17,603,311.19,3484,311.2,311.03
2025-06-03 09:56:53,34,310.96,84,310.95,150,310.94,250,310.89,421,310.88,449,310.87,2069,310.86,155,310.84,5501,310.83,1,310.81,46,311.09,201,311.1,1,311.11,486,311.12,600,311.13,75,311.14,158,311.15,160,311.16,301,311.17,117,311.19,311.025
2025-06-03 09:57:03,34,310.96,84,310.95,150,310.94,500,310.93,250,310.9,421,310.88,199,310.87,2072,310.86,155,310.84,501,310.83,801,311.1,1,311.11,303,311.12,500,311.13,15,311.14,158,311.15,10,311.16,451,311.17,393,311.19,3484,311.2,311.03
2025-06-03 09:57:13,39,310.96,117,310.95,150,310.94,500,310.93,250,310.9,100,310.89,421,310.88,2271,310.87,59,310.85,155,310.84,746,311.1,1,311.11,486,311.12,500,311.13,15,311.14,218,311.15,10,311.16,451,311.17,117,311.19,3484,311.2,311.03
2025-06-03 09:57:23,98,310.96,84,310.95,150,310.94,500,310.93,500,310.9,100,310.89,421,310.88,199,310.87,2072,310.86,243,310.85,595,311.1,1,311.11,600,311.13,16,311.14,218,311.15,10,311.16,301,311.17,117,311.19,3484,311.2,34,311.21,311.03
2025-06-03 09:57:33,39,310.96,84,310.95,134,310.94,34,310.93,341,310.91,650,310.9,671,310.88,199,310.87,2081,310.86,5,310.84,128,311.09,595,311.1,61,311.11,33,311.12,500,311.13,166,311.14,158,311.15,160,311.16,335,311.17,103,311.18,311.025
2025-06-03 09:57:43,39,310.96,84,310.95,34,310.94,134,310.93,591,310.91,650,310.9,421,310.88,199,310.87,2081,310.85,5,310.84,244,311.09,595,311.1,19,311.11,33,311.12,500,311.13,226,311.14,158,311.15,160,311.16,335,311.17,103,311.18,311.025
2025-06-03 09:57:53,384,310.9,34,310.89,421,310.88,199,310.87,5,310.84,1,310.83,250,310.82,251,310.81,5653,310.8,2081,310.78,169,311.01,14,311.02,60,311.06,584,311.07,1211,311.08,150,311.09,732,311.1,19,311.11,150,311.12,534,311.13,310.955
2025-06-03 09:58:03,233,310.87,34,310.86,232,310.84,151,310.83,147,310.82,303,310.81,6653,310.8,500,310.79,2513,310.76,150,310.75,110,311.03,243,311.06,216,311.07,1271,311.08,394,311.09,1766,311.1,53,311.11,67,311.12,534,311.13,49,311.14,310.95
2025-06-03 09:58:13,232,310.84,152,310.83,147,310.82,303,310.81,5653,310.8,500,310.79,450,310.76,150,310.75,3063,310.73,151,310.71,100,310.98,84,310.99,308,311.02,1000,311.03,150,311.05,60,311.06,394,311.07,1211,311.08,151,311.09,616,311.1,310.90999999999997
2025-06-03 09:58:23,233,310.87,34,310.86,232,310.84,151,310.83,173,310.82,303,310.81,5653,310.8,2513,310.76,150,310.75,1000,310.73,68,310.99,1,311.0,12,311.01,243,311.02,1000,311.03,126,311.07,1311,311.08,151,311.09,616,311.1,53,311.11,310.93
2025-06-03 09:58:33,34,310.92,148,310.91,294,310.9,231,310.89,271,310.88,349,310.87,250,310.86,5,310.84,151,310.83,2114,310.82,100,311.07,1211,311.08,151,311.09,1582,311.1,79,311.11,500,311.13,49,311.14,192,311.15,44,311.16,185,311.17,310.995
2025-06-03 09:58:43,35,310.93,34,310.92,277,310.91,295,310.9,34,310.89,305,310.88,1349,310.87,100,310.85,5,310.84,401,310.83,30,311.05,400,311.06,60,311.07,1201,311.08,151,311.09,82,311.1,19,311.11,34,311.12,534,311.13,49,311.14,310.99
2025-06-03 09:58:53,34,310.92,34,310.91,445,310.9,34,310.89,305,310.88,1383,310.87,34,310.86,100,310.85,5,310.84,401,310.83,30,311.04,135,311.05,110,311.06,360,311.07,1203,311.08,151,311.09,116,311.1,203,311.11,34,311.12,684,311.13,310.98
2025-06-03 09:59:03,34,310.92,34,310.91,445,310.9,34,310.89,305,310.88,1383,310.87,100,310.85,5,310.84,401,310.83,2057,310.81,28,311.04,129,311.05,170,311.06,300,311.07,1203,311.08,151,311.09,82,311.1,203,311.11,134,311.12,684,311.13,310.98
2025-06-03 09:59:13,34,310.91,295,310.9,34,310.89,305,310.88,1383,310.87,34,310.86,134,310.85,5,310.84,401,310.83,3,310.81,30,311.03,383,311.05,210,311.06,1203,311.08,334,311.09,116,311.1,213,311.11,67,311.12,535,311.13,49,311.14,310.97
2025-06-03 09:59:23,295,310.9,34,310.89,305,310.88,1383,310.87,34,310.86,134,310.85,39,310.84,401,310.83,3,310.81,36,310.8,393,311.03,101,311.04,357,311.05,110,311.06,62,311.07,1237,311.08,334,311.09,115,311.1,213,311.11,277,311.12,310.965
2025-06-03 09:59:33,295,310.9,34,310.89,305,310.88,1383,310.87,34,310.86,134,310.85,39,310.84,185,310.83,3,310.81,253,310.8,172,311.01,301,311.02,23,311.03,100,311.04,339,311.05,110,311.06,246,311.07,1237,311.08,334,311.09,115,311.1,310.955
2025-06-03 09:59:43,34,310.89,305,310.88,1383,310.87,34,310.86,134,310.85,39,310.84,185,310.83,34,310.82,3,310.81,253,310.8,172,311.01,1,311.02,299,311.03,400,311.04,63,311.05,144,311.06,246,311.07,1237,311.08,334,311.09,115,311.1,310.95
2025-06-03 09:59:53,34,310.92,34,310.91,294,310.9,34,310.89,305,310.88,1383,310.87,34,310.86,100,310.85,255,310.84,151,310.83,314,311.07,1263,311.08,150,311.09,115,311.1,163,311.11,34,311.12,535,311.13,51,311.14,192,311.15,403,311.16,310.995
2025-06-03 10:00:03,294,310.9,233,310.89,353,310.88,683,310.87,334,310.86,134,310.85,39,310.84,185,310.83,34,310.82,277,310.81,36,311.05,254,311.06,1034,311.07,1388,311.08,332,311.09,265,311.1,65,311.11,424,311.12,835,311.13,51,311.14,310.975
2025-06-03 10:00:13,35,310.93,378,310.92,180,310.91,294,310.9,234,310.89,305,310.88,383,310.87,1034,310.86,134,310.85,289,310.84,149,311.05,578,311.07,480,311.08,484,311.09,565,311.1,68,311.11,34,311.12,535,311.13,51,311.14,421,311.15,310.99
2025-06-03 10:00:23,91,310.94,35,310.93,248,310.92,223,310.91,294,310.9,134,310.89,305,310.88,383,310.87,1034,310.86,134,310.85,172,311.05,10,311.06,689,311.07,320,311.08,544,311.09,565,311.1,68,311.11,34,311.12,583,311.13,51,311.14,310.995
2025-06-03 10:00:33,285,310.96,83,310.95,275,310.94,35,310.93,34,310.92,148,310.91,894,310.9,271,310.88,349,310.87,181,310.86,25,311.07,163,311.08,150,311.09,81,311.1,331,311.11,362,311.12,661,311.13,1151,311.14,872,311.15,113,311.16,311.015
2025-06-03 10:00:43,275,310.94,35,310.93,34,310.92,391,310.91,394,310.9,34,310.89,271,310.88,349,310.87,282,310.85,1255,310.84,52,311.07,153,311.08,150,311.09,84,311.1,91,311.11,7,311.12,535,311.13,1351,311.14,1372,311.15,113,311.16,311.005
2025-06-03 10:00:53,125,310.94,148,310.93,264,310.92,181,310.91,394,310.9,184,310.89,305,310.88,383,310.87,34,310.86,200,310.85,175,311.07,253,311.08,210,311.09,268,311.1,465,311.11,549,311.12,835,311.13,1051,311.14,872,311.15,113,311.16,311.005
2025-06-03 10:01:03,83,310.95,35,310.94,335,310.93,334,310.92,1000,310.91,510,310.9,250,310.89,521,310.88,199,310.87,177,310.86,133,311.09,100,311.1,31,311.11,501,311.13,82,311.14,898,311.15,113,311.16,335,311.17,436,311.18,176,311.19,311.02
2025-06-03 10:01:13,82,311.01,95,311.0,335,310.99,337,310.98,142,310.97,1,310.96,549,310.95,251,310.94,151,310.93,192,310.92,107,311.15,93,311.16,1,311.17,2,311.18,442,311.19,3750,311.2,1034,311.21,112,311.22,182,311.23,430,311.24,311.08
2025-06-03 10:01:23,42,311.39,34,311.38,39,311.37,310,311.36,300,311.35,10,311.34,110,311.33,221,311.32,500,311.31,650,311.3,521,311.5,5,311.51,4,311.52,70,311.53,80,311.55,29,311.57,246,311.58,3,311.59,121,311.6,360,311.61,311.445
2025-06-03 10:01:33,34,311.47,34,311.46,134,311.45,34,311.44,684,311.43,320,311.41,500,311.4,1042,311.39,450,311.38,39,311.37,50,311.62,141,311.63,24,311.65,363,311.66,284,311.67,159,311.68,468,311.69,562,311.7,143,311.71,184,311.72,311.545
2025-06-03 10:01:43,34,311.46,34,311.45,134,311.44,34,311.43,34,311.42,36,311.41,391,311.4,1076,311.39,550,311.38,539,311.37,661,311.62,150,311.63,130,311.64,61,311.65,338,311.66,485,311.67,206,311.68,268,311.69,367,311.7,60,311.71,311.53999999999996
2025-06-03 10:01:53,134,311.4,76,311.39,284,311.38,173,311.37,194,311.36,349,311.35,792,311.34,10,311.33,1000,311.32,250,311.3,380,311.55,444,311.56,393,311.57,464,311.58,585,311.59,1623,311.6,230,311.61,329,311.62,34,311.63,38,311.64,311.475
2025-06-03 10:02:03,134,311.26,296,311.25,334,311.24,334,311.23,35,311.22,35,311.21,337,311.2,790,311.19,1150,311.17,33,311.15,638,311.4,302,311.41,807,311.42,150,311.43,1000,311.44,284,311.45,117,311.46,34,311.47,42,311.48,394,311.49,311.33
2025-06-03 10:02:13,34,311.28,334,311.27,334,311.26,34,311.25,34,311.24,43,311.23,270,311.22,1138,311.2,169,311.19,1250,311.18,7,311.4,807,311.42,1000,311.45,100,311.46,34,311.47,137,311.48,126,311.49,34,311.5,37,311.51,625,311.52,311.34
2025-06-03 10:02:23,104,311.24,738,311.23,504,311.22,1034,311.21,638,311.2,140,311.19,1000,311.17,500,311.16,350,311.14,1150,311.13,1000,311.37,39,311.39,100,311.41,32,311.43,42,311.45,134,311.46,34,311.47,334,311.48,575,311.49,613,311.5,311.305
2025-06-03 10:02:33,34,311.26,104,311.25,184,311.24,277,311.23,204,311.22,238,311.21,522,311.2,1074,311.19,1150,311.17,500,311.16,23,311.4,51,311.42,201,311.43,1034,311.44,444,311.45,128,311.46,216,311.47,34,311.48,72,311.49,313,311.5,311.33
2025-06-03 10:02:43,182,311.33,484,311.32,1434,311.31,3035,311.3,34,311.29,184,311.28,34,311.27,534,311.26,70,311.25,1650,311.24,170,311.48,108,311.49,253,311.5,34,311.51,34,311.52,34,311.53,81,311.54,150,311.55,184,311.56,523,311.57,311.405
2025-06-03 10:02:53,334,311.36,54,311.35,547,311.34,835,311.33,82,311.32,277,311.31,3785,311.3,520,311.25,1500,311.24,1020,311.22,14,311.5,48,311.53,1083,311.54,34,311.55,35,311.56,258,311.57,164,311.58,436,311.59,1954,311.6,184,311.61,311.43
2025-06-03 10:03:03,74,311.19,482,311.18,494,311.17,151,311.16,484,311.15,584,311.14,1500,311.11,500,311.1,2000,311.09,150,311.08,171,311.37,34,311.38,277,311.39,232,311.4,178,311.41,1184,311.42,335,311.43,434,311.44,35,311.45,34,311.46,311.28
2025-06-03 10:03:13,418,311.3,300,311.29,23,311.27,100,311.26,259,311.25,126,311.23,620,311.22,1150,311.21,738,311.2,40,311.19,100,311.45,63,311.46,433,311.47,1000,311.48,281,311.49,1847,311.5,100,311.52,84,311.53,83,311.54,335,311.55,311.375
2025-06-03 10:03:23,57,311.27,134,311.26,258,311.25,1582,311.24,234,311.23,108,311.22,434,311.21,272,311.2,40,311.19,1100,311.18,71,311.44,33,311.45,110,311.46,595,311.47,1069,311.48,44,311.49,1881,311.5,34,311.51,118,311.52,134,311.53,311.355
2025-06-03 10:03:33,1034,311.16,34,311.15,350,311.14,250,311.11,198,311.09,200,311.08,146,311.07,600,311.06,401,311.05,501,311.04,114,311.27,62,311.29,48,311.3,239,311.31,440,311.32,300,311.33,150,311.35,234,311.37,262,311.39,1039,311.4,311.21500000000003
2025-06-03 10:03:43,478,311.05,335,311.04,54,311.03,1134,311.02,2,311.01,839,311.0,290,310.99,401,310.98,167,310.95,250,310.94,56,311.18,359,311.19,2740,311.2,100,311.21,303,311.23,495,311.24,300,311.25,184,311.26,118,311.27,34,311.28,311.115
2025-06-03 10:03:53,82,310.85,186,310.84,351,310.83,435,310.82,1454,310.81,603,310.8,20,310.78,24,310.77,100,310.76,200,310.75,18,310.98,40,310.99,1,311.0,243,311.03,54,311.04,68,311.05,277,311.06,300,311.07,584,311.08,34,311.09,310.915
2025-06-03 10:04:03,34,310.55,134,310.54,82,310.53,59,310.52,1278,310.51,159,310.5,200,310.49,162,310.48,783,310.47,332,310.46,276,310.7,100,310.71,19,310.72,1,310.73,108,310.74,1048,310.75,34,310.76,94,310.77,184,310.78,34,310.79,310.625
2025-06-03 10:04:13,244,310.51,160,310.5,200,310.49,1210,310.48,856,310.46,104,310.45,1150,310.44,59,310.42,603,310.41,207,310.4,18,310.62,20,310.63,277,310.66,1000,310.67,148,310.69,251,310.72,161,310.73,219,310.74,34,310.75,184,310.76,310.565
2025-06-03 10:04:23,253,310.53,258,310.52,292,310.51,194,310.5,252,310.49,1196,310.48,32,310.46,828,310.45,1150,310.44,500,310.43,134,310.65,1000,310.66,114,310.68,10,310.69,150,310.7,100,310.71,42,310.72,135,310.73,92,310.74,34,310.75,310.59
2025-06-03 10:04:33,1738,310.6,35,310.59,334,310.58,585,310.57,34,310.56,243,310.55,200,310.54,750,310.53,1824,310.52,210,310.51,1000,310.79,52,310.8,134,310.81,134,310.82,34,310.83,44,310.84,42,310.85,94,310.86,117,310.87,34,310.88,310.69500000000005
2025-06-03 10:04:43,234,310.58,285,310.57,234,310.56,397,310.55,1534,310.54,650,310.53,1024,310.52,210,310.51,261,310.5,1350,310.49,2,310.75,25,310.77,134,310.78,1044,310.79,35,310.8,69,310.81,221,310.82,353,310.83,92,310.84,34,310.85,310.66499999999996
2025-06-03 10:04:53,335,310.59,234,310.58,285,310.57,268,310.56,332,310.55,1534,310.54,650,310.53,1024,310.52,210,310.51,261,310.5,100,310.75,16,310.77,327,310.78,1044,310.79,43,310.8,134,310.81,327,310.82,34,310.83,144,310.84,334,310.85,310.66999999999996
2025-06-03 10:05:03,382,310.62,286,310.61,315,310.6,35,310.59,139,310.58,537,310.57,1668,310.56,1004,310.55,67,310.54,184,310.53,134,310.77,178,310.78,1044,310.79,135,310.8,34,310.81,184,310.82,82,310.83,44,310.84,103,310.85,94,310.86,310.695
2025-06-03 10:05:13,34,310.77,54,310.76,1034,310.75,344,310.74,300,310.73,69,310.72,218,310.71,2308,310.7,1,310.69,550,310.68,100,310.92,112,310.93,125,310.94,331,310.96,309,310.97,234,310.98,394,310.99,578,311.0,34,311.01,148,311.02,310.845
2025-06-03 10:05:23,34,310.94,134,310.93,34,310.92,34,310.91,1184,310.9,634,310.89,34,310.88,34,310.87,1484,310.86,534,310.85,99,311.11,94,311.12,436,311.13,34,311.14,93,311.15,116,311.16,431,311.17,334,311.18,135,311.19,2756,311.2,311.025
2025-06-03 10:05:33,1972,310.7,185,310.69,184,310.68,234,310.67,34,310.66,799,310.65,1800,310.63,150,310.62,2,310.61,1,310.6,131,310.9,34,310.91,334,310.92,262,310.93,134,310.94,184,310.95,34,310.96,128,310.97,382,310.98,344,310.99,310.79999999999995
2025-06-03 10:05:43,334,310.94,334,310.93,277,310.92,1284,310.91,1284,310.9,484,310.89,500,310.87,750,310.85,1000,310.82,450,310.81,10,311.1,43,311.11,16,311.12,128,311.13,432,311.14,444,311.15,34,311.16,34,311.17,362,311.18,413,311.19,311.02
2025-06-03 10:05:53,334,311.01,34,311.0,534,310.99,800,310.97,500,310.96,1250,310.93,450,310.89,1500,310.87,150,310.85,100,310.82,769,311.2,132,311.21,70,311.24,366,311.25,134,311.26,334,311.27,334,311.28,165,311.29,184,311.3,34,311.31,311.105
2025-06-03 10:06:03,534,310.99,34,310.98,427,310.97,634,310.96,34,310.95,34,310.94,150,310.93,500,310.92,1000,310.91,100,310.9,59,311.18,92,311.19,814,311.2,134,311.21,34,311.22,66,311.23,34,311.24,497,311.25,486,311.26,34,311.27,311.08500000000004
2025-06-03 10:06:13,159,310.95,326,310.94,584,310.93,534,310.92,34,310.91,634,310.9,384,310.89,34,310.88,1034,310.87,300,310.86,37,311.13,88,311.14,427,311.15,273,311.16,484,311.17,595,311.18,84,311.19,654,311.2,117,311.21,34,311.22,311.03999999999996
2025-06-03 10:06:23,63,311.01,1,311.0,500,310.99,34,310.98,34,310.97,34,310.96,684,310.95,34,310.94,434,310.93,534,310.92,58,311.14,147,311.15,123,311.16,34,311.17,235,311.18,36,311.19,714,311.2,417,311.21,344,311.22,34,311.23,311.075
2025-06-03 10:06:33,34,310.87,384,310.86,160,310.85,1184,310.84,34,310.83,34,310.82,277,310.81,1684,310.8,334,310.79,1000,310.78,34,311.04,41,311.05,27,311.06,134,311.07,78,311.08,465,311.09,338,311.1,285,311.11,34,311.12,390,311.13,310.95500000000004
2025-06-03 10:06:43,584,310.82,167,310.81,1684,310.8,34,310.79,34,310.78,34,310.77,1154,310.76,634,310.75,1660,310.74,40,310.72,34,311.0,51,311.01,34,311.02,34,311.03,134,311.04,220,311.05,1378,311.06,544,311.07,117,311.08,134,311.09,310.90999999999997
2025-06-03 10:06:53,300,310.83,331,310.81,1184,310.8,34,310.79,334,310.78,734,310.77,1154,310.76,834,310.75,194,310.74,534,310.73,34,310.96,40,310.97,34,310.98,34,310.99,70,311.0,318,311.01,37,311.02,592,311.03,417,311.04,34,311.05,310.895
2025-06-03 10:07:03,148,310.85,34,310.84,34,310.83,467,310.82,434,310.81,1484,310.8,34,310.79,535,310.78,534,310.77,1054,310.76,70,310.98,34,310.99,30,311.0,32,311.01,34,311.02,34,311.03,170,311.04,37,311.05,1466,311.06,394,311.07,310.915
2025-06-03 10:07:13,59,310.84,162,310.83,434,310.82,726,310.81,1485,310.8,34,310.79,535,310.78,534,310.77,1055,310.76,334,310.75,79,310.96,34,310.98,34,310.99,306,311.0,32,311.01,34,311.02,34,311.03,34,311.04,37,311.05,1566,311.06,310.9
2025-06-03 10:07:23,181,310.83,476,310.82,834,310.81,1485,310.8,67,310.79,535,310.78,534,310.77,1055,310.76,334,310.75,194,310.74,70,310.97,49,310.98,313,310.99,259,311.0,32,311.01,184,311.02,134,311.03,184,311.04,82,311.05,1595,311.06,310.9
2025-06-03 10:07:33,334,310.91,162,310.9,434,310.89,534,310.88,34,310.87,684,310.86,34,310.85,34,310.84,1034,310.83,1684,310.82,135,311.06,55,311.07,34,311.08,34,311.09,34,311.1,75,311.11,133,311.12,1037,311.13,117,311.14,82,311.15,310.985
2025-06-03 10:07:43,626,310.94,134,310.93,534,310.92,34,310.91,184,310.9,934,310.89,534,310.88,34,310.87,1684,310.86,134,310.85,26,311.1,91,311.11,70,311.12,1037,311.13,34,311.14,34,311.15,227,311.16,37,311.17,283,311.18,34,311.19,311.02
2025-06-03 10:07:53,534,311.0,34,310.99,1334,310.98,34,310.97,534,310.96,34,310.95,184,310.94,1134,310.93,534,310.92,430,310.9,84,311.16,34,311.17,251,311.18,34,311.19,1015,311.2,117,311.21,34,311.22,82,311.23,34,311.24,102,311.25,311.08000000000004
2025-06-03 10:08:03,382,311.04,34,311.03,34,311.02,203,311.01,534,311.0,34,310.99,1484,310.98,34,310.97,2034,310.96,34,310.95,193,311.18,34,311.19,970,311.2,34,311.21,130,311.22,34,311.23,117,311.24,114,311.25,34,311.26,36,311.27,311.11
2025-06-03 10:08:13,667,310.84,34,310.83,184,310.82,1034,310.81,135,310.8,34,310.79,784,310.78,921,310.76,300,310.75,1160,310.74,70,310.97,30,310.98,87,310.99,47,311.0,33,311.01,134,311.02,81,311.03,242,311.04,34,311.05,34,311.06,310.905
2025-06-03 10:08:23,934,310.88,497,310.87,534,310.86,1536,310.85,134,310.84,34,310.83,34,310.82,1034,310.81,601,310.8,1000,310.79,34,311.05,61,311.06,68,311.07,67,311.08,5100,311.09,94,311.1,137,311.11,117,311.12,334,311.13,532,311.14,310.96500000000003
2025-06-03 10:08:33,135,310.8,359,310.79,434,310.78,334,310.77,455,310.76,584,310.75,194,310.74,34,310.73,542,310.72,166,310.71,1000,310.95,33,310.96,100,310.97,134,310.98,34,310.99,180,311.0,504,311.01,385,311.02,184,311.03,139,311.04,310.875
2025-06-03 10:08:43,684,310.86,119,310.85,134,310.84,292,310.82,300,310.81,651,310.8,167,310.79,400,310.78,1100,310.77,1521,310.76,10,310.98,1,311.01,13,311.02,1000,311.03,65,311.04,3,311.05,300,311.06,414,311.07,79,311.08,5100,311.09,310.92
2025-06-03 10:08:53,334,310.93,434,310.92,94,310.91,314,310.9,434,310.89,500,310.88,13,310.87,1150,310.86,502,310.85,150,310.84,100,311.08,5066,311.09,60,311.1,34,311.13,65,311.14,37,311.15,1117,311.16,82,311.17,421,311.18,334,311.19,311.005
2025-06-03 10:09:03,207,310.91,464,310.9,434,310.89,534,310.88,1447,310.87,950,310.86,600,310.83,250,310.81,251,310.8,1000,310.79,110,311.05,98,311.06,160,311.07,326,311.08,5066,311.09,59,311.1,215,311.11,337,311.12,667,311.13,382,311.14,310.98
2025-06-03 10:09:13,94,310.91,314,310.9,434,310.89,684,310.88,1147,310.87,684,310.86,500,310.83,251,310.8,262,310.79,500,310.78,130,311.05,463,311.06,139,311.07,5366,311.09,434,311.1,215,311.11,37,311.12,267,311.13,82,311.14,93,311.15,310.98
2025-06-03 10:09:23,34,310.81,251,310.8,214,310.79,542,310.78,400,310.77,1321,310.76,1100,310.75,712,310.74,1194,310.72,151,310.7,20,310.94,46,310.95,100,310.96,362,310.99,3,311.0,331,311.01,383,311.02,1250,311.03,243,311.04,193,311.05,310.875
2025-06-03 10:09:33,82,310.93,184,310.92,328,310.91,614,310.9,794,310.89,1534,310.88,147,310.87,583,310.86,150,310.84,100,310.83,9,311.05,60,311.07,243,311.08,5066,311.09,83,311.1,34,311.11,34,311.12,34,311.13,85,311.14,534,311.15,310.99
2025-06-03 10:09:43,325,311.09,100,311.07,59,311.05,233,311.04,100,311.03,243,311.02,400,311.01,650,311.0,1000,310.99,300,310.97,840,311.2,83,311.21,54,311.23,32,311.25,62,311.27,300,311.32,285,311.33,334,311.35,434,311.36,39,311.37,311.145
2025-06-03 10:09:53,184,311.04,34,311.03,184,311.02,300,311.01,300,311.0,809,310.98,500,310.97,500,310.96,300,310.94,243,310.93,2,311.19,1,311.2,3,311.21,56,311.22,193,311.23,44,311.24,248,311.25,434,311.26,411,311.27,82,311.28,311.115
2025-06-03 10:10:03,334,310.93,34,310.92,434,310.91,1314,310.9,298,310.89,500,310.88,169,310.87,1000,310.86,100,310.85,243,310.84,83,311.08,150,311.1,48,311.11,363,311.13,453,311.14,234,311.15,44,311.16,184,311.17,34,311.18,34,311.19,311.005
2025-06-03 10:10:13,211,310.95,184,310.94,34,310.93,287,310.92,534,310.91,362,310.9,1284,310.89,500,310.88,2621,310.87,1000,310.86,9,311.1,460,311.12,421,311.13,161,311.14,34,311.15,44,311.16,34,311.17,37,311.18,339,311.19,224,311.2,311.025
2025-06-03 10:10:23,34,311.14,134,311.13,82,311.12,34,311.11,34,311.1,295,311.09,534,311.08,534,311.07,1400,311.06,2102,311.05,55,311.3,82,311.31,34,311.32,82,311.33,34,311.34,34,311.35,338,311.36,211,311.37,94,311.38,334,311.39,311.22
2025-06-03 10:10:34,89,311.15,34,311.14,195,311.13,534,311.12,1134,311.11,2229,311.1,1000,311.09,1300,311.08,100,311.07,150,311.06,7,311.33,15,311.34,34,311.35,35,311.36,82,311.37,37,311.38,373,311.39,49,311.4,111,311.41,284,311.42,311.24
2025-06-03 10:10:44,34,311.21,34,311.2,34,311.19,182,311.18,34,311.17,345,311.16,2613,311.15,500,311.14,1000,311.13,100,311.12,34,311.38,44,311.39,48,311.4,82,311.41,34,311.42,84,311.43,337,311.44,414,311.45,189,311.46,135,311.47,311.29499999999996
2025-06-03 10:10:54,334,311.27,182,311.26,1034,311.25,34,311.24,34,311.23,168,311.22,534,311.21,1184,311.2,2113,311.19,100,311.18,39,311.42,43,311.43,334,311.44,337,311.45,39,311.46,183,311.47,168,311.48,64,311.49,721,311.5,34,311.51,311.345
2025-06-03 10:11:04,134,311.11,34,311.1,34,311.09,72,311.08,434,311.07,184,311.06,44,311.05,250,311.04,33,311.03,2361,311.02,33,311.28,192,311.29,34,311.3,284,311.31,334,311.32,382,311.33,121,311.34,111,311.35,94,311.36,134,311.37,311.195
2025-06-03 10:11:14,34,311.16,92,311.15,1034,311.14,34,311.13,184,311.12,158,311.11,1084,311.1,834,311.09,534,311.08,10,311.05,112,311.29,11,311.3,4,311.31,34,311.32,184,311.33,341,311.34,484,311.35,537,311.36,111,311.37,34,311.38,311.225
2025-06-03 10:11:24,82,311.16,44,311.15,217,311.14,147,311.13,584,311.12,2645,311.11,34,311.1,34,311.09,250,311.08,250,311.07,184,311.34,482,311.35,284,311.36,137,311.37,334,311.38,460,311.39,34,311.4,75,311.41,334,311.42,382,311.43,311.25
2025-06-03 10:11:34,82,311.17,34,311.16,44,311.15,67,311.14,150,311.13,100,311.12,250,311.11,120,311.1,500,311.09,2611,311.08,34,311.31,22,311.32,206,311.33,380,311.34,300,311.35,55,311.36,77,311.37,35,311.38,190,311.39,334,311.4,311.24
2025-06-03 10:11:44,34,311.24,34,311.23,40,311.22,133,311.21,174,311.2,734,311.19,1154,311.18,284,311.17,500,311.16,2121,311.15,17,311.38,106,311.39,16,311.4,35,311.41,364,311.42,260,311.43,334,311.44,718,311.45,45,311.46,5235,311.47,311.31
2025-06-03 10:11:54,184,311.2,334,311.19,1004,311.18,334,311.17,334,311.16,494,311.15,1000,311.13,1568,311.12,101,311.11,500,311.1,307,311.36,150,311.37,177,311.38,34,311.39,133,311.4,334,311.41,484,311.42,534,311.43,92,311.44,241,311.45,311.28
2025-06-03 10:12:04,284,311.35,161,311.34,34,311.33,34,311.32,500,311.31,800,311.3,550,311.29,400,311.27,300,311.26,118,311.25,3897,311.47,113,311.48,31,311.49,648,311.5,177,311.53,7,311.54,301,311.55,335,311.56,90,311.57,464,311.58,311.41
2025-06-03 10:12:14,34,311.36,59,311.35,127,311.34,100,311.33,200,311.31,33,311.3,560,311.29,400,311.27,300,311.26,111,311.25,417,311.47,2,311.48,31,311.49,824,311.5,100,311.51,33,311.52,377,311.53,307,311.54,1,311.55,1,311.56,311.415
2025-06-03 10:12:24,234,311.31,584,311.3,1700,311.29,150,311.28,68,311.24,1051,311.23,100,311.22,51,311.21,1510,311.2,970,311.18,1023,311.46,375,311.47,247,311.48,61,311.49,899,311.5,357,311.51,150,311.52,77,311.53,184,311.54,35,311.55,311.385
2025-06-03 10:12:34,38,311.32,234,311.31,150,311.3,500,311.29,150,311.28,100,311.26,105,311.25,500,311.24,2175,311.23,250,311.22,683,311.46,375,311.47,147,311.48,31,311.49,899,311.5,302,311.51,177,311.53,90,311.55,35,311.56,389,311.57,311.39
2025-06-03 10:12:44,111,311.38,34,311.37,25,311.35,500,311.33,4,311.32,200,311.31,750,311.3,118,311.29,508,311.28,2116,311.27,751,311.5,404,311.51,1,311.55,8,311.56,377,311.57,430,311.58,1167,311.59,1593,311.6,234,311.61,239,311.62,311.44
2025-06-03 10:12:54,655,311.48,134,311.47,184,311.46,33,311.41,132,311.4,500,311.39,250,311.38,3116,311.37,25,311.35,150,311.34,986,311.6,210,311.61,268,311.62,200,311.63,1,311.64,438,311.65,1,311.66,133,311.67,122,311.68,102,311.69,311.54
2025-06-03 10:13:04,184,311.66,134,311.65,34,311.64,34,311.63,400,311.61,760,311.6,376,311.58,2349,311.57,1,311.56,150,311.54,1624,311.8,205,311.81,244,311.84,367,311.85,276,311.86,1060,311.87,1044,311.88,1336,311.89,550,311.9,318,311.91,311.73
2025-06-03 10:13:14,34,311.39,34,311.38,134,311.37,77,311.36,277,311.35,400,311.34,750,311.33,4,311.32,2249,311.31,250,311.28,231,311.55,362,311.56,90,311.57,112,311.58,184,311.59,1678,311.6,489,311.61,68,311.62,34,311.63,67,311.64,311.47
2025-06-03 10:13:24,34,311.57,276,311.56,300,311.55,327,311.54,500,311.53,276,311.52,703,311.51,35,311.5,600,311.49,471,311.48,46,311.75,292,311.77,308,311.78,543,311.79,2027,311.8,185,311.81,217,311.82,82,311.83,35,311.84,146,311.85,311.65999999999997
2025-06-03 10:13:34,82,311.67,377,311.66,34,311.65,34,311.64,800,311.63,300,311.62,700,311.61,240,311.59,185,311.58,100,311.57,1628,311.8,106,311.81,200,311.82,3,311.84,104,311.85,436,311.86,289,311.87,1130,311.88,1636,311.89,698,311.9,311.735
2025-06-03 10:13:44,34,311.4,142,311.39,134,311.38,501,311.37,810,311.36,25,311.35,1255,311.34,1000,311.33,150,311.32,100,311.31,3,311.52,50,311.53,574,311.54,103,311.57,233,311.59,217,311.6,222,311.61,382,311.62,334,311.63,1034,311.64,311.46
2025-06-03 10:13:54,67,311.5,334,311.49,805,311.48,86,311.47,102,311.45,151,311.44,500,311.43,1000,311.42,850,311.41,1459,311.37,100,311.68,20,311.69,311,311.7,37,311.71,1189,311.72,35,311.73,517,311.74,336,311.75,84,311.76,184,311.77,311.59000000000003
2025-06-03 10:14:04,134,311.5,142,311.49,605,311.48,138,311.47,298,311.46,336,311.45,451,311.44,500,311.43,1000,311.42,2714,311.39,235,311.61,9,311.62,207,311.63,262,311.66,33,311.67,199,311.68,496,311.69,443,311.7,396,311.71,1034,311.72,311.555
2025-06-03 10:14:14,410,311.4,434,311.39,300,311.38,150,311.37,400,311.36,1277,311.35,8,311.34,1150,311.33,2147,311.32,1000,311.31,100,311.54,9,311.55,13,311.56,13,311.57,290,311.58,292,311.59,250,311.6,185,311.61,406,311.62,248,311.63,311.47
2025-06-03 10:14:24,655,311.48,82,311.47,198,311.46,336,311.45,334,311.44,134,311.43,150,311.41,1,311.4,750,311.39,511,311.37,38,311.59,8,311.61,101,311.62,166,311.63,1,311.64,1000,311.65,200,311.66,134,311.67,243,311.68,97,311.69,311.53499999999997
2025-06-03 10:14:34,225,311.5,334,311.49,1004,311.48,334,311.47,198,311.46,36,311.45,34,311.44,100,311.43,243,311.42,650,311.41,62,311.62,174,311.63,1,311.64,1001,311.65,14,311.66,137,311.67,426,311.68,49,311.69,60,311.7,191,311.71,311.56
2025-06-03 10:14:44,301,311.57,295,311.56,165,311.55,242,311.54,434,311.53,334,311.52,801,311.51,391,311.5,300,311.49,471,311.48,59,311.7,116,311.71,1100,311.72,1,311.73,100,311.74,63,311.75,356,311.76,567,311.77,342,311.78,339,311.79,311.635
2025-06-03 10:14:54,44,311.54,367,311.53,482,311.52,735,311.51,378,311.5,34,311.49,1471,311.48,600,311.47,2104,311.46,152,311.45,3,311.68,142,311.69,383,311.7,117,311.71,325,311.72,83,311.73,91,311.74,104,311.75,384,311.76,784,311.77,311.61
2025-06-03 10:15:04,581,311.57,395,311.56,213,311.55,144,311.54,452,311.53,534,311.52,35,311.51,441,311.5,3513,311.48,500,311.47,89,311.76,382,311.77,1142,311.78,289,311.79,912,311.8,37,311.81,801,311.82,334,311.83,190,311.84,79,311.85,311.66499999999996
2025-06-03 10:15:14,34,311.63,34,311.62,335,311.61,337,311.6,985,311.59,100,311.58,2106,311.57,311,311.56,125,311.55,260,311.54,668,311.8,34,311.81,200,311.82,34,311.83,492,311.84,54,311.85,3415,311.86,439,311.87,898,311.88,1336,311.89,311.71500000000003
2025-06-03 10:15:24,499,311.74,83,311.73,82,311.71,300,311.7,300,311.69,100,311.67,464,311.66,925,311.65,2606,311.63,250,311.62,2966,311.86,76,311.87,714,311.88,1302,311.89,1198,311.9,185,311.91,55,311.92,123,311.93,38,311.94,1835,311.95,311.8
2025-06-03 10:15:34,73,311.75,215,311.74,83,311.73,100,311.72,1,311.71,300,311.7,303,311.69,295,311.67,651,311.66,925,311.65,1566,311.86,22,311.87,714,311.88,1302,311.89,1198,311.9,185,311.91,24,311.93,175,311.94,890,311.95,311,311.96,311.805
2025-06-03 10:15:44,184,311.79,1373,311.78,40,311.76,25,311.75,515,311.74,300,311.73,256,311.72,651,311.71,583,311.7,403,311.69,814,311.9,102,311.91,31,311.92,104,311.93,121,311.94,535,311.95,114,311.96,4203,311.97,3004,311.98,708,311.99,311.845
2025-06-03 10:15:54,34,311.8,82,311.79,1373,311.78,55,311.77,40,311.76,25,311.75,965,311.74,100,311.73,198,311.71,650,311.7,346,311.91,302,311.92,306,311.93,223,311.94,540,311.95,704,311.96,4503,311.97,3054,311.98,408,311.99,8527,312.0,311.855
2025-06-03 10:16:04,194,311.83,34,311.82,184,311.81,182,311.8,34,311.79,373,311.78,190,311.76,141,311.75,1215,311.74,243,311.72,604,311.94,611,311.95,111,311.96,4203,311.97,3047,311.98,713,311.99,8831,312.0,1285,312.01,56,312.02,211,312.03,311.885
2025-06-03 10:16:14,35,311.85,702,311.84,479,311.83,334,311.82,334,311.81,50,311.8,390,311.78,500,311.77,160,311.76,218,311.75,1066,311.96,3622,311.97,2629,311.98,818,311.99,8778,312.0,1337,312.01,56,312.02,27,312.03,101,312.04,48,312.05,311.905
2025-06-03 10:16:24,231,311.83,34,311.82,34,311.81,200,311.8,300,311.78,300,311.77,960,311.76,25,311.75,715,311.74,198,311.72,178,311.95,613,311.96,3669,311.97,2504,311.98,818,311.99,8754,312.0,1637,312.01,356,312.02,177,312.03,1,312.04,311.89
2025-06-03 10:16:34,34,311.84,131,311.83,334,311.82,334,311.81,200,311.8,300,311.78,168,311.77,660,311.76,525,311.75,1715,311.74,382,311.96,3745,311.97,2504,311.98,828,311.99,8644,312.0,1280,312.01,88,312.02,127,312.03,1,312.04,48,312.05,311.9
2025-06-03 10:16:44,34,311.84,431,311.83,334,311.82,34,311.81,200,311.8,480,311.78,500,311.77,660,311.76,525,311.75,1271,311.74,3146,311.97,2604,311.98,628,311.99,8673,312.0,1280,312.01,88,312.02,27,312.03,101,312.04,81,312.05,34,312.06,311.905
2025-06-03 10:16:54,40,311.85,34,311.84,131,311.83,34,311.82,34,311.81,339,311.8,1000,311.79,300,311.78,500,311.77,660,311.76,1749,311.97,2547,311.98,628,311.99,8788,312.0,1237,312.01,88,312.02,27,312.03,1,312.04,81,312.05,134,312.06,311.91
2025-06-03 10:17:04,84,311.8,34,311.79,536,311.78,984,311.77,544,311.76,809,311.75,249,311.74,34,311.73,2073,311.72,25,311.71,266,311.96,1252,311.97,2538,311.98,1013,311.99,8742,312.0,1421,312.01,180,312.02,409,312.03,335,312.04,78,312.05,311.88
2025-06-03 10:17:14,1231,311.83,184,311.82,56,311.8,100,311.79,33,311.78,323,311.77,410,311.76,1275,311.75,215,311.74,35,311.73,427,311.95,12,311.96,578,311.97,2209,311.98,1030,311.99,9075,312.0,1292,312.01,122,312.02,27,312.03,1,312.04,311.89
2025-06-03 10:17:24,34,311.81,85,311.8,471,311.79,100,311.78,150,311.77,220,311.76,525,311.75,1215,311.74,10,311.73,2073,311.72,134,311.95,684,311.96,533,311.97,2410,311.98,1215,311.99,8861,312.0,1237,312.01,338,312.02,61,312.03,90,312.04,311.88
2025-06-03 10:17:34,336,312.39,228,312.38,150,312.37,3877,312.36,1000,312.35,300,312.33,800,312.32,600,312.3,100,312.29,155,312.28,3526,312.5,1,312.51,310,312.52,1,312.53,100,312.54,8,312.55,50,312.56,27,312.57,418,312.58,302,312.59,312.445
2025-06-03 10:17:44,140,312.5,1184,312.49,10,312.48,300,312.46,793,312.45,250,312.44,700,312.42,3170,312.41,250,312.4,300,312.39,74,312.64,11,312.65,401,312.66,27,312.67,569,312.69,139,312.7,300,312.71,308,312.72,200,312.73,537,312.74,312.57
2025-06-03 10:17:54,34,312.44,34,312.43,236,312.42,131,312.41,250,312.4,298,312.39,490,312.38,1600,312.37,4027,312.36,2073,312.35,87,312.58,5981,312.59,57,312.6,497,312.61,153,312.62,300,312.63,557,312.64,191,312.65,218,312.66,92,312.67,312.51
2025-06-03 10:18:04,67,312.44,188,312.43,656,312.42,234,312.41,141,312.4,200,312.39,900,312.38,100,312.37,4727,312.36,1000,312.35,51,312.55,1152,312.56,1797,312.57,1271,312.58,6631,312.59,400,312.6,150,312.61,136,312.62,55,312.63,64,312.64,312.495
2025-06-03 10:18:14,631,312.52,39,312.51,589,312.5,44,312.49,15,312.48,1300,312.47,300,312.46,310,312.45,50,312.44,150,312.43,670,312.69,128,312.7,11,312.71,2313,312.72,3494,312.73,40,312.74,1044,312.75,143,312.76,34,312.77,373,312.78,312.605
2025-06-03 10:18:24,395,312.54,388,312.53,190,312.52,734,312.51,2084,312.5,10,312.49,15,312.48,3244,312.47,110,312.45,50,312.44,30,312.66,923,312.7,82,312.71,1673,312.72,2105,312.73,148,312.74,1044,312.75,390,312.76,334,312.77,196,312.78,312.6
2025-06-03 10:18:34,40,312.53,131,312.52,39,312.51,584,312.5,344,312.49,446,312.48,184,312.47,93,312.46,515,312.45,700,312.44,207,312.66,17,312.67,600,312.68,371,312.69,1511,312.7,329,312.71,2166,312.72,3039,312.73,340,312.74,1371,312.75,312.595
2025-06-03 10:18:44,131,312.52,85,312.51,584,312.5,294,312.49,146,312.48,33,312.47,500,312.46,15,312.45,2765,312.44,1650,312.43,568,312.67,35,312.7,380,312.71,1987,312.72,3139,312.73,449,312.74,1364,312.75,82,312.76,34,312.77,351,312.78,312.595
2025-06-03 10:18:54,184,312.46,499,312.45,634,312.44,584,312.43,36,312.42,2065,312.41,344,312.4,550,312.39,1111,312.37,4577,312.36,55,312.64,234,312.65,702,312.66,1477,312.67,186,312.68,261,312.69,886,312.7,351,312.71,1795,312.72,2086,312.73,312.54999999999995
2025-06-03 10:19:04,184,312.48,334,312.47,126,312.46,249,312.45,334,312.44,734,312.43,36,312.42,171,312.41,901,312.4,500,312.39,15,312.6,319,312.65,568,312.66,1432,312.67,34,312.68,561,312.69,910,312.7,51,312.71,1945,312.72,2039,312.73,312.54
2025-06-03 10:19:14,302,312.39,296,312.38,542,312.37,4227,312.36,400,312.34,1300,312.33,2100,312.32,520,312.31,555,312.3,1100,312.29,74,312.55,67,312.56,493,312.57,545,312.58,1300,312.59,400,312.6,177,312.61,234,312.63,200,312.64,413,312.65,312.47
2025-06-03 10:19:24,334,312.41,215,312.4,134,312.39,50,312.38,508,312.37,5077,312.36,420,312.35,950,312.34,3615,312.33,5,312.32,509,312.56,181,312.57,100,312.58,452,312.59,558,312.6,355,312.61,317,312.62,56,312.63,37,312.64,293,312.65,312.485
2025-06-03 10:19:34,434,312.44,284,312.43,536,312.42,84,312.41,166,312.4,2349,312.39,200,312.38,351,312.37,6577,312.36,20,312.35,137,312.63,46,312.64,246,312.65,1578,312.66,567,312.67,185,312.68,239,312.69,2593,312.7,451,312.71,2095,312.72,312.53499999999997
2025-06-03 10:19:44,584,312.43,336,312.42,234,312.41,466,312.4,200,312.38,108,312.37,5577,312.36,20,312.35,550,312.34,2520,312.33,24,312.6,171,312.61,124,312.62,151,312.63,346,312.64,446,312.65,1523,312.66,564,312.67,382,312.68,634,312.69,312.515
2025-06-03 10:19:54,84,312.41,566,312.4,334,312.39,559,312.38,608,312.37,5079,312.36,79,312.35,250,312.34,3592,312.33,5,312.32,1681,312.56,15,312.58,250,312.59,1,312.6,215,312.61,14,312.62,167,312.63,638,312.64,748,312.65,1623,312.66,312.485
2025-06-03 10:20:04,66,312.4,203,312.39,142,312.38,642,312.37,4263,312.36,59,312.35,150,312.34,179,312.33,505,312.32,20,312.31,273,312.53,511,312.54,11,312.55,1592,312.56,150,312.57,1483,312.59,435,312.6,204,312.61,148,312.62,35,312.63,312.465
2025-06-03 10:20:14,126,312.39,310,312.38,592,312.37,4265,312.36,450,312.34,400,312.33,505,312.32,500,312.31,2196,312.3,100,312.29,1,312.5,1,312.53,449,312.54,231,312.55,1692,312.56,6,312.57,305,312.58,1410,312.59,335,312.6,44,312.61,312.445
2025-06-03 10:20:24,589,312.43,336,312.42,234,312.41,32,312.4,1500,312.39,125,312.38,450,312.37,4231,312.36,500,312.35,1150,312.34,1441,312.56,51,312.59,126,312.6,10,312.61,14,312.62,9,312.63,77,312.64,148,312.65,339,312.66,558,312.67,312.495
2025-06-03 10:20:34,254,312.44,289,312.43,68,312.42,373,312.41,332,312.4,1500,312.39,125,312.38,450,312.37,4231,312.36,500,312.35,1527,312.56,11,312.57,89,312.58,2,312.59,226,312.6,10,312.61,169,312.62,151,312.63,20,312.64,448,312.65,312.5
2025-06-03 10:20:44,36,312.42,175,312.41,32,312.4,486,312.39,275,312.38,1450,312.37,4081,312.36,500,312.35,1505,312.32,2171,312.31,82,312.55,1600,312.56,10,312.57,184,312.6,407,312.61,1014,312.62,1,312.63,112,312.64,648,312.65,47,312.66,312.485
2025-06-03 10:20:54,80,312.54,72,312.53,484,312.52,484,312.51,254,312.5,44,312.49,91,312.48,44,312.47,544,312.46,3045,312.45,229,312.67,61,312.68,629,312.69,2669,312.7,149,312.71,2295,312.72,2034,312.73,35,312.74,2209,312.75,85,312.76,312.605
2025-06-03 10:21:04,1134,312.63,34,312.62,234,312.61,100,312.59,900,312.58,50,312.56,258,312.55,1759,312.54,250,312.52,2342,312.51,946,312.75,2,312.76,184,312.78,11,312.79,688,312.8,3,312.81,11,312.82,8,312.83,310,312.84,1443,312.85,312.69
2025-06-03 10:21:14,404,312.5,44,312.49,44,312.48,260,312.47,10,312.46,170,312.45,320,312.44,306,312.43,502,312.42,1400,312.41,13,312.61,41,312.62,337,312.63,97,312.64,274,312.65,196,312.66,86,312.67,63,312.68,353,312.69,583,312.7,312.555
2025-06-03 10:21:24,34,312.74,34,312.73,43,312.72,284,312.71,236,312.7,2134,312.69,34,312.68,734,312.67,1034,312.66,34,312.65,529,312.89,348,312.9,154,312.91,45,312.92,648,312.93,100,312.94,490,312.95,1157,312.96,12472,312.97,345,312.98,312.815
2025-06-03 10:21:34,144,312.84,93,312.83,241,312.82,850,312.81,935,312.8,784,312.79,1534,312.78,34,312.77,34,312.76,214,312.75,11,312.96,10056,312.97,284,312.98,63,312.99,15189,313.0,183,313.01,89,313.02,35,313.03,34,313.04,72,313.05,312.9
2025-06-03 10:21:44,93,312.74,282,312.73,327,312.72,1289,312.71,244,312.7,1000,312.69,600,312.68,500,312.67,1000,312.66,301,312.64,46,312.85,3,312.87,40,312.89,44,312.9,312,312.91,102,312.93,657,312.94,111,312.95,248,312.96,9775,312.97,312.795
2025-06-03 10:21:54,159,312.82,444,312.81,1610,312.8,1034,312.79,89,312.78,34,312.77,284,312.76,170,312.75,600,312.74,2072,312.73,8680,312.97,402,312.98,1717,312.99,15912,313.0,74,313.01,34,313.02,35,313.03,34,313.04,139,313.05,34,313.06,312.895
2025-06-03 10:22:04,308,312.86,243,312.85,1034,312.84,231,312.83,34,312.82,1434,312.81,610,312.8,684,312.79,1034,312.78,180,312.75,5963,312.97,294,312.98,1647,312.99,15945,313.0,40,313.01,143,313.02,35,313.03,34,313.04,66,313.05,81,313.06,312.915
2025-06-03 10:22:14,34,312.73,434,312.72,338,312.71,1200,312.7,100,312.69,600,312.68,300,312.67,1500,312.66,2181,312.65,21,312.64,311,312.88,504,312.89,55,312.91,8,312.94,540,312.95,560,312.96,5641,312.97,478,312.98,1677,312.99,16021,313.0,312.805
2025-06-03 10:22:24,268,312.82,1081,312.81,608,312.8,100,312.79,20,312.78,302,312.77,643,312.76,1520,312.75,2581,312.72,155,312.71,788,312.95,191,312.96,5604,312.97,403,312.98,1735,312.99,14956,313.0,40,313.01,74,313.02,21,313.03,42,313.04,312.885
2025-06-03 10:22:34,293,312.7,481,312.69,634,312.68,34,312.67,1034,312.66,700,312.65,1521,312.64,2239,312.63,10,312.62,351,312.61,100,312.85,59,312.86,112,312.87,100,312.89,518,312.9,268,312.91,191,312.92,191,312.93,1434,312.94,1508,312.95,312.775
2025-06-03 10:22:44,34,312.79,275,312.78,20,312.75,255,312.74,650,312.69,343,312.68,2589,312.67,1500,312.66,100,312.65,1282,312.64,495,312.9,54,312.92,10,312.93,1055,312.94,1318,312.95,265,312.96,5628,312.97,321,312.98,1835,312.99,15484,313.0,312.845
2025-06-03 10:22:54,209,312.82,613,312.81,984,312.8,228,312.78,150,312.77,156,312.76,796,312.75,255,312.74,500,312.73,500,312.72,1328,312.95,355,312.96,6128,312.97,294,312.98,1755,312.99,15766,313.0,1040,313.01,21,313.03,134,313.04,39,313.05,312.885
2025-06-03 10:23:04,135,312.84,189,312.83,54,312.82,211,312.81,984,312.8,1150,312.79,120,312.78,393,312.77,400,312.76,1020,312.75,637,312.95,219,312.96,6183,312.97,400,312.98,1705,312.99,15852,313.0,1248,313.01,29,313.02,21,313.03,34,313.04,312.895
2025-06-03 10:23:14,252,313.21,284,313.2,1034,313.19,284,313.18,34,313.17,75,313.16,600,313.14,950,313.13,1370,313.11,2101,313.1,477,313.34,76,313.35,105,313.36,100,313.37,100,313.38,64,313.4,443,313.41,839,313.42,34,313.43,212,313.44,313.275
2025-06-03 10:23:24,146,313.09,231,313.08,439,313.07,1334,313.06,75,313.05,1000,313.04,196,313.03,379,313.02,861,313.01,5563,313.0,396,313.22,37,313.23,244,313.24,100,313.25,250,313.26,1,313.27,150,313.28,36,313.29,939,313.3,243,313.31,313.155
2025-06-03 10:23:34,114,313.19,393,313.18,374,313.17,734,313.16,1334,313.15,34,313.14,186,313.13,2090,313.12,600,313.11,201,313.1,354,313.35,268,313.36,34,313.37,413,313.38,249,313.39,541,313.4,349,313.41,884,313.42,544,313.43,208,313.44,313.27
2025-06-03 10:23:44,277,313.24,784,313.23,435,313.22,625,313.21,564,313.2,34,313.19,500,313.18,1205,313.16,2100,313.15,2,313.13,786,313.4,14,313.41,1000,313.42,35,313.43,278,313.44,3570,313.45,185,313.46,135,313.47,45,313.48,423,313.49,313.32
2025-06-03 10:23:54,34,313.4,184,313.39,34,313.38,150,313.37,151,313.36,440,313.35,1705,313.34,2956,313.33,5,313.32,470,313.3,400,313.55,375,313.56,5,313.57,6,313.58,57,313.59,539,313.6,100,313.61,81,313.62,126,313.63,422,313.64,313.475
2025-06-03 10:24:04,93,313.6,150,313.59,300,313.57,306,313.56,150,313.55,500,313.54,1000,313.53,1000,313.52,150,313.51,190,313.5,105,313.75,295,313.77,143,313.79,100,313.8,298,313.81,409,313.82,300,313.83,34,313.84,620,313.85,536,313.86,313.675
2025-06-03 10:24:14,397,313.6,1334,313.59,400,313.58,180,313.57,356,313.55,670,313.54,1085,313.53,1000,313.52,305,313.51,445,313.5,80,313.76,277,313.77,150,313.78,61,313.79,385,313.8,80,313.81,164,313.82,34,313.83,595,313.84,1234,313.85,313.68
2025-06-03 10:24:24,339,313.63,34,313.62,249,313.61,584,313.6,1034,313.59,784,313.58,330,313.57,80,313.55,170,313.54,80,313.53,150,313.79,11,313.8,10,313.81,65,313.82,840,313.83,614,313.84,934,313.85,731,313.86,419,313.87,243,313.88,313.71000000000004
2025-06-03 10:24:34,334,313.68,483,313.67,334,313.66,15,313.65,250,313.64,5,313.63,500,313.62,40,313.61,900,313.6,2300,313.59,9,313.85,2,313.86,10,313.87,132,313.88,100,313.89,185,313.9,359,313.91,34,313.92,335,313.93,422,313.94,313.765
2025-06-03 10:24:44,149,313.65,198,313.64,239,313.63,684,313.62,1380,313.61,700,313.6,1000,313.59,80,313.57,252,313.56,731,313.55,121,313.78,57,313.79,137,313.8,519,313.81,332,313.82,100,313.83,398,313.84,420,313.85,539,313.86,389,313.87,313.715
2025-06-03 10:24:54,279,313.63,335,313.62,374,313.61,300,313.6,1000,313.59,100,313.58,230,313.57,35,313.56,331,313.55,25,313.54,4,313.75,23,313.77,50,313.78,50,313.79,1309,313.8,50,313.81,59,313.82,180,313.83,348,313.84,44,313.85,313.69
2025-06-03 10:25:05,143,313.72,335,313.71,334,313.7,74,313.69,250,313.67,600,313.66,625,313.65,150,313.64,5,313.63,500,313.62,51,313.84,400,313.85,90,313.87,60,313.88,103,313.89,568,313.9,5,313.92,396,313.93,143,313.94,321,313.95,313.78
2025-06-03 10:25:15,984,313.83,134,313.82,984,313.8,300,313.78,800,313.77,1,313.76,690,313.75,553,313.74,251,313.73,2359,313.72,60,313.96,496,313.97,1640,313.98,11637,313.99,3240,314.0,209,314.02,327,314.03,22,314.04,3,314.05,34,314.06,313.895
2025-06-03 10:25:25,120,313.74,1251,313.73,1205,313.72,1030,313.69,400,313.68,25,313.65,650,313.64,2416,313.63,45,313.61,755,313.6,74,313.86,402,313.87,141,313.88,115,313.89,57,313.9,208,313.91,93,313.92,387,313.93,500,313.94,521,313.95,313.8
2025-06-03 10:25:35,143,313.76,84,313.75,190,313.74,501,313.73,1300,313.72,450,313.71,300,313.7,500,313.69,1000,313.68,1000,313.66,224,313.89,265,313.9,140,313.92,109,313.93,325,313.94,660,313.95,135,313.96,1640,313.97,2879,313.98,11631,313.99,313.825
2025-06-03 10:25:45,443,313.71,1155,313.7,243,313.69,600,313.68,300,313.67,150,313.66,265,313.65,450,313.63,180,313.62,640,313.61,89,313.82,8,313.85,121,313.87,7,313.88,130,313.89,206,313.9,279,313.91,535,313.92,300,313.93,370,313.94,313.765
2025-06-03 10:25:55,550,313.84,109,313.82,375,313.81,1490,313.8,340,313.79,500,313.78,1140,313.76,163,313.74,1001,313.73,343,313.72,598,313.95,35,313.96,845,313.97,2797,313.98,11633,313.99,3432,314.0,1,314.01,127,314.02,55,314.03,10,314.04,313.895
2025-06-03 10:26:05,609,313.82,125,313.81,1490,313.8,340,313.79,650,313.78,1140,313.76,500,313.75,163,313.74,1001,313.73,100,313.72,72,313.95,32,313.96,982,313.97,2818,313.98,11733,313.99,3383,314.0,1,314.01,27,314.02,157,314.04,303,314.05,313.885
2025-06-03 10:26:15,140,313.76,40,313.75,163,313.74,1301,313.73,300,313.72,258,313.7,1000,313.69,1000,313.68,400,313.66,65,313.65,59,313.88,41,313.9,70,313.92,116,313.93,339,313.94,389,313.95,150,313.96,982,313.97,3140,313.98,11679,313.99,313.82
2025-06-03 10:26:25,140,313.76,40,313.75,163,313.74,1301,313.73,800,313.72,258,313.7,1000,313.69,500,313.68,400,313.66,65,313.65,191,313.88,32,313.89,215,313.9,55,313.91,12,313.92,41,313.93,436,313.94,379,313.95,1012,313.97,3341,313.98,313.82
2025-06-03 10:26:35,34,313.79,224,313.78,34,313.77,340,313.76,1350,313.75,263,313.74,1101,313.73,500,313.72,358,313.7,1000,313.69,759,313.9,42,313.91,11,313.92,368,313.93,263,313.94,384,313.95,223,313.96,1017,313.97,2941,313.98,11665,313.99,313.845
2025-06-03 10:26:45,643,313.82,199,313.81,1155,313.8,300,313.79,550,313.78,1000,313.76,1580,313.75,263,313.74,1001,313.73,500,313.72,358,313.93,208,313.94,540,313.95,34,313.96,1050,313.97,3096,313.98,11658,313.99,3422,314.0,1,314.01,302,314.04,313.875
2025-06-03 10:26:55,349,313.81,1049,313.8,300,313.79,550,313.78,1000,313.76,1580,313.75,263,313.74,1001,313.73,500,313.72,1000,313.71,344,313.92,831,313.93,208,313.94,481,313.95,401,313.96,999,313.97,3004,313.98,11658,313.99,3562,314.0,1,314.01,313.865
2025-06-03 10:27:05,520,313.71,492,313.7,1334,313.69,334,313.68,700,313.66,1265,313.65,100,313.64,300,313.63,155,313.62,640,313.61,59,313.82,41,313.85,96,313.86,1,313.88,2,313.89,36,313.9,51,313.91,206,313.92,641,313.93,782,313.94,313.765
2025-06-03 10:27:15,243,313.77,1485,313.76,1434,313.75,197,313.74,635,313.73,34,313.72,243,313.71,308,313.7,500,313.69,1500,313.67,127,313.89,12,313.9,23,313.91,708,313.92,607,313.93,208,313.94,855,313.95,699,313.96,1193,313.97,2982,313.98,313.83
2025-06-03 10:27:25,334,313.78,474,313.77,1485,313.76,1134,313.75,47,313.74,535,313.73,184,313.72,1000,313.71,308,313.7,500,313.69,520,313.9,41,313.91,552,313.92,650,313.93,228,313.94,738,313.95,687,313.96,1033,313.97,3095,313.98,11746,313.99,313.84
2025-06-03 10:27:35,34,313.77,185,313.76,1134,313.75,47,313.74,135,313.73,150,313.72,808,313.7,500,313.69,100,313.68,18,313.67,477,313.88,55,313.9,590,313.92,608,313.93,107,313.94,738,313.95,631,313.96,1075,313.97,3055,313.98,11691,313.99,313.825
2025-06-03 10:27:45,1034,313.84,34,313.83,139,313.82,152,313.81,1323,313.8,393,313.79,35,313.78,651,313.76,1100,313.75,13,313.74,536,313.95,607,313.96,1019,313.97,2999,313.98,11720,313.99,3781,314.0,1,314.01,34,314.02,35,314.03,96,314.04,313.895
2025-06-03 10:27:55,1272,313.84,134,313.83,139,313.82,1192,313.81,1283,313.8,359,313.79,1,313.78,651,313.76,1100,313.75,13,313.74,568,313.96,1019,313.97,2999,313.98,11829,313.99,3856,314.0,61,314.01,1,314.03,36,314.04,43,314.05,36,314.06,313.9
2025-06-03 10:28:05,59,313.85,34,313.84,134,313.83,273,313.82,168,313.81,318,313.8,393,313.79,1101,313.78,651,313.76,1100,313.75,98,313.96,1020,313.97,1381,313.98,11728,313.99,3930,314.0,1,314.01,35,314.03,36,314.04,103,314.05,36,314.06,313.905
2025-06-03 10:28:15,382,313.86,59,313.85,34,313.84,34,313.83,134,313.82,75,313.81,318,313.8,359,313.79,1101,313.78,651,313.76,294,313.97,1432,313.98,11721,313.99,3895,314.0,1,314.01,1,314.03,36,314.04,203,314.05,70,314.06,58,314.07,313.915
2025-06-03 10:28:25,335,313.86,34,313.85,74,313.84,34,313.83,34,313.82,108,313.81,310,313.8,359,313.79,1001,313.78,100,313.77,91,313.97,1447,313.98,11665,313.99,4062,314.0,1,314.01,37,314.03,96,314.04,43,314.05,34,314.06,58,314.07,313.915
2025-06-03 10:28:35,34,313.84,93,313.83,334,313.82,375,313.81,310,313.8,393,313.79,1,313.78,383,313.77,655,313.76,1100,313.75,111,313.95,180,313.96,287,313.97,1450,313.98,11671,313.99,3900,314.0,61,314.01,35,314.03,36,314.04,43,314.05,313.895
2025-06-03 10:28:45,34,313.84,34,313.83,34,313.82,1575,313.81,610,313.8,393,313.79,35,313.78,755,313.76,1140,313.75,13,313.74,821,313.95,241,313.96,300,313.97,1539,313.98,11671,313.99,3905,314.0,1,314.01,34,314.02,35,314.03,36,314.04,313.895
2025-06-03 10:28:55,375,313.78,334,313.77,689,313.76,2134,313.75,47,313.74,4,313.73,1100,313.72,200,313.71,2058,313.7,600,313.67,412,313.9,106,313.91,100,313.92,276,313.93,890,313.94,759,313.95,269,313.96,397,313.97,1485,313.98,11705,313.99,313.84
2025-06-03 10:29:05,189,313.76,84,313.75,47,313.74,1038,313.73,1534,313.72,200,313.71,1058,313.7,61,313.68,600,313.67,2211,313.66,81,313.9,345,313.91,519,313.92,52,313.93,26,313.94,1094,313.95,216,313.96,291,313.97,1486,313.98,11705,313.99,313.83
2025-06-03 10:29:15,135,313.81,310,313.8,183,313.79,35,313.78,1034,313.77,189,313.76,584,313.75,13,313.74,204,313.73,1000,313.72,994,313.93,65,313.94,938,313.95,203,313.96,407,313.97,1458,313.98,11705,313.99,3960,314.0,144,314.01,63,314.02,313.87
2025-06-03 10:29:25,1034,313.82,135,313.81,1310,313.8,183,313.79,35,313.78,34,313.77,155,313.76,550,313.75,13,313.74,704,313.73,160,313.93,78,313.94,941,313.95,203,313.96,197,313.97,1355,313.98,11671,313.99,3430,314.0,170,314.01,63,314.02,313.875
2025-06-03 10:29:35,40,313.81,410,313.8,243,313.79,535,313.78,155,313.76,170,313.75,199,313.74,1704,313.73,1000,313.72,243,313.71,86,313.93,84,313.94,983,313.95,203,313.96,256,313.97,1392,313.98,11731,313.99,3884,314.0,109,314.01,34,314.02,313.87
2025-06-03 10:29:45,457,313.8,483,313.79,335,313.78,134,313.77,189,313.76,530,313.75,5,313.74,204,313.73,1000,313.72,100,313.71,299,313.91,499,313.92,404,313.93,413,313.94,1551,313.95,203,313.96,197,313.97,1390,313.98,11673,313.99,4110,314.0,313.855
2025-06-03 10:29:55,183,313.79,82,313.78,34,313.77,189,313.76,664,313.75,5,313.74,204,313.73,1000,313.72,100,313.71,2060,313.7,303,313.9,117,313.91,686,313.92,557,313.93,81,313.94,1533,313.95,391,313.96,348,313.97,1390,313.98,11674,313.99,313.845
2025-06-03 10:30:05,1699,313.89,2911,313.88,262,313.87,200,313.86,129,313.85,650,313.84,500,313.83,1006,313.81,276,313.8,1,313.78,1782,314.0,109,314.02,1,314.03,2,314.04,234,314.05,18,314.07,31,314.08,10,314.09,291,314.1,1011,314.11,313.945
2025-06-03 10:30:15,554,314.08,1034,314.07,1184,314.06,39,314.05,34,314.04,284,314.03,1150,314.02,86,314.01,2025,314.0,230,313.99,481,314.21,550,314.22,250,314.23,402,314.24,3923,314.25,184,314.27,209,314.28,35,314.29,47,314.3,37,314.31,314.145
2025-06-03 10:30:25,34,314.03,884,314.02,1134,314.01,80,314.0,180,313.99,41,313.98,1151,313.97,1000,313.96,1,313.95,400,313.94,388,314.16,77,314.17,30,314.18,378,314.19,505,314.2,54,314.21,60,314.22,20,314.23,346,314.24,3957,314.25,314.095
2025-06-03 10:30:35,173,314.07,475,314.06,1329,314.05,34,314.04,34,314.03,334,314.02,534,314.01,330,314.0,80,313.99,501,313.98,416,314.19,505,314.2,77,314.21,1,314.23,197,314.24,4457,314.25,148,314.26,184,314.27,238,314.28,286,314.29,314.13
2025-06-03 10:30:45,34,314.14,143,314.13,81,314.12,34,314.11,164,314.1,284,314.09,324,314.08,1500,314.07,1255,314.05,500,314.03,2294,314.25,63,314.26,150,314.27,575,314.28,412,314.29,122,314.3,32,314.31,43,314.32,189,314.33,156,314.34,314.195
2025-06-03 10:30:55,34,314.15,181,314.14,195,314.13,895,314.12,1034,314.11,1170,314.1,150,314.09,60,314.08,1500,314.07,300,314.06,10,314.28,252,314.29,77,314.3,3,314.31,1,314.32,184,314.33,12,314.34,46,314.35,143,314.36,124,314.37,314.215
2025-06-03 10:31:05,343,314.22,137,314.21,1500,314.2,81,314.19,1094,314.18,1184,314.17,554,314.16,34,314.15,134,314.14,161,314.13,12,314.34,16,314.35,35,314.37,103,314.38,509,314.39,171,314.4,606,314.41,384,314.42,34,314.43,168,314.44,314.28
2025-06-03 10:31:15,534,314.22,884,314.21,1697,314.2,134,314.19,1134,314.18,184,314.17,304,314.16,534,314.15,134,314.14,1161,314.13,131,314.35,202,314.36,35,314.37,140,314.38,300,314.39,126,314.4,285,314.41,284,314.42,302,314.43,825,314.44,314.285
2025-06-03 10:31:25,507,314.0,154,313.99,234,313.98,33,313.97,650,313.96,1100,313.95,1000,313.94,447,313.93,151,313.92,1500,313.91,12,314.12,106,314.13,13,314.14,22,314.15,115,314.16,76,314.17,115,314.18,29,314.19,93,314.2,1196,314.21,314.06
2025-06-03 10:31:35,547,313.93,194,313.92,584,313.91,2540,313.9,1789,313.89,1015,313.88,362,313.87,2350,313.86,1300,313.83,2254,313.82,16,314.08,200,314.09,383,314.1,8,314.12,244,314.13,1290,314.14,123,314.15,184,314.16,34,314.17,34,314.18,314.005
2025-06-03 10:31:45,334,313.94,81,313.93,236,313.92,733,313.91,2035,313.9,2123,313.89,1015,313.88,262,313.87,1350,313.86,1000,313.85,141,314.06,1,314.09,152,314.1,63,314.12,35,314.13,736,314.14,1176,314.15,81,314.16,34,314.17,34,314.18,314.0
2025-06-03 10:31:55,184,313.83,534,313.82,236,313.81,761,313.8,36,313.79,1036,313.78,134,313.77,3108,313.76,180,313.75,805,313.74,399,314.0,181,314.02,34,314.03,94,314.04,340,314.05,1261,314.06,143,314.07,213,314.08,35,314.09,386,314.1,313.91499999999996
2025-06-03 10:32:05,89,313.81,271,313.8,202,313.79,279,313.78,877,313.77,1596,313.76,1714,313.75,39,313.74,88,313.73,3337,313.72,44,313.97,253,313.98,2494,313.99,668,314.0,134,314.01,134,314.02,434,314.03,63,314.04,1299,314.05,161,314.06,313.89
2025-06-03 10:32:15,34,313.61,117,313.6,232,313.59,1134,313.58,1035,313.57,1780,313.56,675,313.55,165,313.54,2015,313.53,136,313.52,97,313.77,83,313.78,134,313.79,201,313.8,128,313.81,34,313.82,40,313.83,336,313.84,324,313.85,34,313.86,313.69
2025-06-03 10:32:25,94,313.62,381,313.61,39,313.6,344,313.59,1134,313.58,2151,313.57,845,313.56,642,313.55,565,313.54,2306,313.53,7,313.77,14,313.78,28,313.79,86,313.8,27,313.81,188,313.82,255,313.83,149,313.84,319,313.85,857,313.86,313.695
2025-06-03 10:32:35,175,313.55,284,313.54,321,313.53,283,313.52,1193,313.51,868,313.5,771,313.49,600,313.47,600,313.46,850,313.45,4,313.68,29,313.69,59,313.7,1100,313.72,47,313.73,94,313.74,42,313.75,221,313.76,184,313.77,34,313.78,313.615
2025-06-03 10:32:45,1951,313.52,193,313.51,2037,313.5,234,313.49,150,313.48,610,313.47,500,313.46,1150,313.45,250,313.44,100,313.43,1,313.68,49,313.69,1604,313.7,7,313.72,188,313.73,145,313.74,34,313.75,34,313.76,42,313.77,343,313.78,313.6
2025-06-03 10:32:55,244,313.58,1323,313.57,188,313.56,308,313.55,199,313.54,1340,313.53,844,313.52,271,313.51,1364,313.5,600,313.49,1275,313.7,7,313.73,1,313.74,193,313.75,34,313.76,71,313.77,87,313.78,195,313.79,135,313.8,284,313.81,313.64
2025-06-03 10:33:05,34,313.76,309,313.75,145,313.74,520,313.73,1134,313.72,242,313.71,644,313.7,189,313.69,39,313.68,1100,313.67,155,313.89,113,313.9,13,313.91,34,313.93,109,313.94,392,313.95,373,313.96,239,313.97,1706,313.98,2595,313.99,313.825
2025-06-03 10:33:15,34,313.69,262,313.68,1035,313.67,134,313.66,185,313.65,1035,313.64,743,313.63,1637,313.62,175,313.61,185,313.6,264,313.83,95,313.84,184,313.85,562,313.86,65,313.87,733,313.88,184,313.89,90,313.9,184,313.91,190,313.92,313.76
2025-06-03 10:33:25,81,313.63,184,313.62,169,313.61,34,313.6,94,313.59,398,313.58,1294,313.57,38,313.56,1391,313.55,119,313.54,50,313.78,1,313.8,94,313.81,337,313.82,705,313.83,527,313.84,1143,313.85,44,313.86,134,313.87,575,313.88,313.705
2025-06-03 10:33:35,494,313.57,38,313.56,1175,313.55,184,313.54,411,313.53,560,313.52,1853,313.51,1211,313.5,654,313.49,1000,313.48,100,313.7,90,313.71,7,313.72,100,313.73,2,313.74,100,313.76,64,313.77,144,313.78,34,313.79,132,313.8,313.635
2025-06-03 10:33:45,945,313.5,188,313.49,494,313.48,544,313.47,169,313.46,1884,313.45,284,313.44,82,313.43,48,313.42,1566,313.41,147,313.61,70,313.62,243,313.63,178,313.64,310,313.65,192,313.66,150,313.67,302,313.68,34,313.69,597,313.7,313.555
2025-06-03 10:33:55,70,313.58,45,313.57,247,313.56,176,313.55,431,313.54,270,313.53,493,313.52,1151,313.51,1595,313.5,654,313.49,229,313.71,200,313.73,36,313.74,621,313.75,34,313.76,194,313.77,84,313.78,43,313.79,146,313.8,59,313.81,313.645
2025-06-03 10:34:05,697,313.56,326,313.55,634,313.54,136,313.53,1252,313.52,151,313.51,945,313.5,688,313.49,1644,313.48,2318,313.47,50,313.7,195,313.71,135,313.72,170,313.73,83,313.74,594,313.75,34,313.76,42,313.77,234,313.78,35,313.79,313.63
2025-06-03 10:34:15,35,313.59,70,313.58,346,313.57,655,313.56,226,313.55,384,313.54,636,313.53,1305,313.52,151,313.51,915,313.5,235,313.71,7,313.72,136,313.73,4,313.74,534,313.75,34,313.76,94,313.77,92,313.78,182,313.79,146,313.8,313.65
2025-06-03 10:34:25,93,313.57,408,313.56,226,313.55,184,313.54,1135,313.53,170,313.52,646,313.51,1049,313.5,154,313.49,660,313.48,212,313.68,195,313.7,16,313.71,1,313.72,100,313.73,79,313.74,745,313.75,34,313.76,134,313.77,234,313.78,313.625
2025-06-03 10:34:35,420,313.52,146,313.51,1049,313.5,154,313.49,1545,313.48,210,313.47,100,313.46,1650,313.45,100,313.44,1,313.43,1,313.65,10,313.66,42,313.67,270,313.68,100,313.69,157,313.7,119,313.71,1,313.72,330,313.74,703,313.75,313.585
2025-06-03 10:34:45,2049,313.5,338,313.49,144,313.48,341,313.47,369,313.46,1184,313.45,134,313.44,35,313.43,694,313.42,1032,313.41,5,313.61,83,313.62,24,313.63,48,313.64,15,313.65,578,313.66,2394,313.67,371,313.68,142,313.69,191,313.7,313.555
2025-06-03 10:34:55,1096,313.5,338,313.49,44,313.48,594,313.47,369,313.46,884,313.45,234,313.44,135,313.43,660,313.42,1032,313.41,766,313.61,129,313.62,22,313.63,67,313.64,15,313.65,60,313.66,2334,313.67,364,313.68,277,313.69,301,313.7,313.555
2025-06-03 10:35:05,1015,313.5,338,313.49,92,313.48,594,313.47,369,313.46,34,313.45,234,313.44,135,313.43,694,313.42,1076,313.41,677,313.61,129,313.62,82,313.63,2201,313.64,49,313.65,34,313.66,2274,313.67,424,313.68,34,313.69,418,313.7,313.555
2025-06-03 10:35:15,915,313.5,638,313.49,392,313.48,629,313.47,34,313.46,34,313.45,484,313.44,135,313.43,194,313.42,2076,313.41,230,313.61,130,313.62,265,313.63,2034,313.64,49,313.65,34,313.66,74,313.67,324,313.68,94,313.69,618,313.7,313.555
2025-06-03 10:35:25,796,313.5,488,313.49,345,313.48,469,313.47,34,313.46,34,313.45,485,313.44,135,313.43,196,313.42,2042,313.41,42,313.61,12,313.62,32,313.63,2000,313.64,189,313.65,34,313.66,74,313.67,324,313.68,34,313.69,421,313.7,313.555
2025-06-03 10:35:35,899,313.5,1188,313.49,295,313.48,1434,313.47,334,313.46,136,313.44,451,313.43,1302,313.42,42,313.41,565,313.4,302,313.62,116,313.63,138,313.64,98,313.65,65,313.66,192,313.67,68,313.68,276,313.69,184,313.7,366,313.71,313.56
2025-06-03 10:35:45,484,313.54,435,313.53,161,313.52,371,313.51,865,313.5,1189,313.49,811,313.48,1450,313.47,1500,313.45,2298,313.44,10,313.68,111,313.69,99,313.7,101,313.72,610,313.73,69,313.74,634,313.75,143,313.76,34,313.77,131,313.78,313.61
2025-06-03 10:35:55,135,313.59,1007,313.58,382,313.57,139,313.56,176,313.55,184,313.54,344,313.53,1312,313.52,212,313.51,315,313.5,80,313.74,500,313.75,278,313.77,184,313.78,1035,313.79,144,313.8,60,313.81,55,313.82,453,313.83,435,313.84,313.66499999999996
2025-06-03 10:36:05,334,313.82,848,313.81,949,313.8,997,313.79,100,313.78,200,313.77,650,313.76,1035,313.75,100,313.74,3224,313.72,235,313.96,68,313.97,39,313.98,307,313.99,701,314.0,13,314.01,59,314.02,76,314.03,185,314.04,40,314.05,313.89
2025-06-03 10:36:15,204,313.81,554,313.8,1331,313.79,484,313.78,234,313.77,585,313.76,1000,313.75,100,313.74,505,313.73,500,313.72,616,313.95,142,313.96,302,313.97,606,313.98,712,313.99,755,314.0,34,314.01,385,314.02,240,314.03,335,314.04,313.88
2025-06-03 10:36:25,348,313.73,114,313.72,616,313.71,484,313.7,416,313.69,150,313.68,577,313.67,250,313.66,500,313.65,500,313.64,42,313.87,295,313.89,147,313.9,5,313.91,336,313.92,695,313.93,217,313.94,541,313.95,453,313.96,35,313.97,313.8
2025-06-03 10:36:36,412,313.69,247,313.68,658,313.67,1300,313.66,1047,313.62,1509,313.61,1801,313.6,1401,313.59,2591,313.58,151,313.57,1,313.83,9,313.85,66,313.86,68,313.87,108,313.89,109,313.9,34,313.91,887,313.92,262,313.93,34,313.94,313.76
2025-06-03 10:36:46,1384,313.8,334,313.79,281,313.78,34,313.77,169,313.76,400,313.75,1000,313.74,505,313.73,100,313.72,503,313.71,59,313.94,345,313.95,609,313.96,601,313.97,660,313.98,108,313.99,696,314.0,134,314.01,34,314.02,84,314.03,313.87
2025-06-03 10:36:56,562,313.82,544,313.81,1161,313.8,81,313.79,334,313.78,34,313.77,67,313.76,400,313.75,150,313.74,540,313.73,137,313.95,381,313.96,661,313.97,600,313.98,700,313.99,707,314.0,34,314.01,34,314.02,184,314.03,144,314.04,313.885
2025-06-03 10:37:06,234,313.98,334,313.97,369,313.96,34,313.95,100,313.94,144,313.93,443,313.92,650,313.91,102,313.9,1572,313.89,67,314.14,100,314.15,10,314.16,97,314.17,509,314.19,265,314.2,34,314.21,39,314.22,334,314.23,484,314.24,314.06
2025-06-03 10:37:16,81,313.91,173,313.9,384,313.89,1534,313.88,150,313.87,500,313.84,750,313.83,410,313.82,2083,313.81,1019,313.8,98,314.06,545,314.07,160,314.08,150,314.09,201,314.1,150,314.11,277,314.12,93,314.13,349,314.14,639,314.15,313.985
2025-06-03 10:37:26,134,313.97,293,313.96,114,313.95,1184,313.94,34,313.93,44,313.92,106,313.91,306,313.9,485,313.89,1100,313.88,11,314.1,571,314.12,305,314.13,311,314.15,469,314.16,334,314.17,335,314.18,40,314.19,492,314.2,93,314.21,314.035
2025-06-03 10:37:36,334,313.83,519,313.82,637,313.81,2141,313.8,100,313.79,150,313.78,1000,313.77,301,313.76,1000,313.75,250,313.74,24,313.98,243,313.99,159,314.0,79,314.01,5,314.02,65,314.03,61,314.04,303,314.05,445,314.06,792,314.07,313.905
2025-06-03 10:37:46,134,313.84,143,313.83,381,313.82,337,313.81,278,313.8,34,313.79,384,313.78,35,313.77,400,313.76,1100,313.75,69,313.97,50,313.98,151,313.99,60,314.0,339,314.01,34,314.02,241,314.03,34,314.04,184,314.05,435,314.06,313.905
2025-06-03 10:37:56,437,313.81,1090,313.8,34,313.79,184,313.78,34,313.77,550,313.76,1000,313.75,3227,313.73,500,313.72,503,313.71,296,313.97,212,313.98,219,313.99,90,314.0,184,314.01,134,314.02,153,314.03,115,314.04,236,314.05,838,314.06,313.89
2025-06-03 10:38:06,1352,313.8,34,313.79,93,313.78,435,313.77,534,313.76,1334,313.75,36,313.74,155,313.73,620,313.72,3,313.71,47,313.93,6,313.94,1,313.96,39,313.97,76,313.98,333,313.99,238,314.0,441,314.01,548,314.02,44,314.03,313.865
2025-06-03 10:38:16,262,313.85,1184,313.84,334,313.83,531,313.82,3,313.81,265,313.8,600,313.79,1000,313.78,101,313.77,1000,313.76,30,314.0,12,314.01,72,314.02,136,314.03,147,314.05,250,314.06,217,314.07,334,314.08,334,314.09,34,314.1,313.925
2025-06-03 10:38:26,175,313.86,47,313.85,1484,313.84,434,313.83,184,313.82,3,313.81,264,313.8,600,313.79,501,313.78,1501,313.77,33,314.0,195,314.01,195,314.02,212,314.03,160,314.05,184,314.06,42,314.07,267,314.08,826,314.09,334,314.1,313.93
2025-06-03 10:38:36,68,313.74,449,313.73,334,313.72,1337,313.71,35,313.7,34,313.69,184,313.68,576,313.67,301,313.66,40,313.65,74,313.86,141,313.87,303,313.9,34,313.91,220,313.92,334,313.93,301,313.94,293,313.95,339,313.96,534,313.97,313.8
2025-06-03 10:38:46,334,313.79,335,313.78,883,313.77,334,313.76,667,313.75,1035,313.74,40,313.73,150,313.72,135,313.71,1501,313.7,22,313.95,11,313.96,197,313.97,194,313.98,362,313.99,137,314.0,42,314.01,243,314.02,354,314.03,509,314.04,313.87
2025-06-03 10:38:56,37,313.71,97,313.7,156,313.69,534,313.68,760,313.67,551,313.66,1000,313.65,1000,313.64,3251,313.63,1605,313.61,131,313.87,25,313.88,110,313.89,450,313.9,164,313.91,244,313.92,294,313.93,37,313.94,58,313.95,134,313.96,313.78999999999996
2025-06-03 10:39:06,1034,313.63,734,313.62,1670,313.61,2733,313.6,35,313.59,37,313.58,1001,313.57,636,313.56,2979,313.55,151,313.54,810,313.79,100,313.82,34,313.83,101,313.84,220,313.85,194,313.86,285,313.87,283,313.88,601,313.89,1434,313.9,313.71000000000004
2025-06-03 10:39:16,215,313.7,1081,313.69,34,313.68,444,313.67,218,313.66,666,313.65,684,313.64,1000,313.63,1200,313.62,2104,313.61,33,313.85,94,313.86,110,313.87,70,313.88,385,313.89,434,313.9,81,313.91,34,313.92,293,313.93,159,313.94,313.775
2025-06-03 10:39:26,306,313.79,164,313.78,284,313.77,120,313.76,639,313.75,1052,313.74,140,313.73,534,313.72,542,313.71,375,313.7,1536,313.9,1001,313.92,101,313.93,59,313.94,68,313.95,137,313.96,284,313.97,175,313.98,134,313.99,930,314.0,313.845
2025-06-03 10:39:36,193,313.73,553,313.72,1569,313.71,365,313.7,584,313.69,850,313.68,411,313.67,251,313.66,2088,313.65,150,313.64,69,313.88,87,313.89,1283,313.9,100,313.91,1000,313.92,94,313.93,59,313.94,103,313.95,134,313.96,233,313.97,313.805
2025-06-03 10:39:46,65,313.7,134,313.69,476,313.68,445,313.67,290,313.66,34,313.65,684,313.64,2032,313.63,1300,313.62,1505,313.61,40,313.82,247,313.83,1100,313.85,40,313.86,40,313.87,41,313.88,123,313.89,1377,313.9,293,313.91,34,313.92,313.76
2025-06-03 10:39:56,237,313.66,134,313.65,534,313.64,1034,313.63,234,313.62,1539,313.61,2615,313.6,1486,313.59,49,313.58,1,313.57,309,313.79,100,313.8,252,313.81,347,313.82,269,313.83,301,313.84,1276,313.85,80,313.86,287,313.87,35,313.88,313.725
2025-06-03 10:40:06,1538,313.61,1583,313.6,286,313.59,83,313.58,68,313.57,170,313.56,176,313.55,834,313.54,2249,313.53,927,313.52,59,313.73,28,313.74,28,313.75,271,313.76,335,313.77,1134,313.78,47,313.79,873,313.8,191,313.81,134,313.82,313.67
2025-06-03 10:40:16,944,313.61,1834,313.6,186,313.59,83,313.58,134,313.57,666,313.56,181,313.55,834,313.54,2578,313.53,893,313.52,1,313.75,135,313.76,66,313.77,1134,313.78,42,313.79,799,313.8,88,313.81,135,313.82,378,313.83,34,313.84,313.68
2025-06-03 10:40:26,143,313.62,691,313.61,1787,313.6,37,313.59,82,313.58,54,313.57,1666,313.56,281,313.55,834,313.54,1578,313.53,137,313.75,10,313.76,66,313.77,1134,313.78,34,313.79,894,313.8,101,313.81,143,313.82,316,313.83,34,313.84,313.685
2025-06-03 10:40:36,586,313.55,378,313.54,1578,313.53,361,313.52,1145,313.51,5132,313.5,450,313.49,101,313.48,1902,313.47,600,313.46,1,313.66,1,313.68,1,313.69,32,313.7,1000,313.71,160,313.73,44,313.74,268,313.75,34,313.76,184,313.77,313.605
2025-06-03 10:40:46,5452,313.5,584,313.49,35,313.48,436,313.47,300,313.46,150,313.45,1700,313.44,532,313.43,2,313.42,1042,313.41,52,313.61,1,313.62,44,313.64,228,313.65,51,313.66,134,313.67,329,313.68,163,313.69,327,313.7,1243,313.71,313.555
2025-06-03 10:40:56,5357,313.5,481,313.49,435,313.48,318,313.47,134,313.46,184,313.45,1234,313.44,200,313.43,2,313.42,542,313.41,1024,313.61,105,313.62,101,313.63,154,313.64,228,313.65,294,313.66,138,313.67,303,313.68,34,313.69,1505,313.7,313.555
2025-06-03 10:41:06,5257,313.5,134,313.49,335,313.48,586,313.47,134,313.46,34,313.45,1850,313.44,232,313.43,44,313.42,42,313.41,1,313.62,34,313.63,146,313.64,228,313.65,1,313.66,136,313.67,335,313.68,292,313.69,1455,313.7,143,313.71,313.56
2025-06-03 10:41:16,593,313.54,1578,313.53,466,313.52,1244,313.51,5790,313.5,134,313.49,1035,313.48,252,313.47,100,313.46,1850,313.44,70,313.65,135,313.66,155,313.67,269,313.68,80,313.69,1344,313.7,190,313.71,34,313.73,136,313.74,35,313.75,313.595
2025-06-03 10:41:26,566,313.56,480,313.55,484,313.54,1728,313.53,486,313.52,110,313.51,5756,313.5,100,313.49,1001,313.48,750,313.47,232,313.67,43,313.69,1344,313.7,121,313.71,102,313.74,211,313.75,143,313.76,39,313.77,134,313.78,646,313.79,313.615
2025-06-03 10:41:36,375,313.56,180,313.55,184,313.54,1728,313.53,488,313.52,176,313.51,5724,313.5,100,313.49,1001,313.48,250,313.47,116,313.67,1,313.68,76,313.69,1344,313.7,21,313.71,100,313.72,100,313.73,67,313.74,185,313.75,143,313.76,313.615
2025-06-03 10:41:46,34,313.57,166,313.56,180,313.55,684,313.54,1728,313.53,454,313.52,1110,313.51,5255,313.5,600,313.49,101,313.48,602,313.7,51,313.71,100,313.72,39,313.73,2,313.74,1,313.75,75,313.77,243,313.78,326,313.79,996,313.8,313.635
2025-06-03 10:41:56,381,313.52,144,313.51,6357,313.5,250,313.49,1,313.48,782,313.47,100,313.46,1000,313.45,1100,313.44,500,313.43,50,313.63,32,313.68,112,313.69,385,313.7,171,313.71,169,313.72,150,313.73,34,313.74,135,313.75,278,313.76,313.575
2025-06-03 10:42:06,574,313.54,1625,313.53,280,313.52,245,313.51,5257,313.5,284,313.49,35,313.48,782,313.47,100,313.46,1000,313.45,637,313.66,46,313.67,159,313.68,395,313.7,281,313.71,34,313.72,234,313.73,34,313.74,184,313.75,143,313.76,313.6
2025-06-03 10:42:16,274,313.54,1578,313.53,180,313.52,145,313.51,5289,313.5,1250,313.49,101,313.48,600,313.47,100,313.46,1200,313.44,18,313.65,8,313.66,10,313.68,142,313.69,395,313.7,71,313.71,110,313.73,34,313.74,435,313.75,243,313.76,313.595
2025-06-03 10:42:26,480,313.55,574,313.54,1131,313.53,280,313.52,294,313.51,5257,313.5,284,313.49,67,313.48,1100,313.47,1100,313.46,91,313.66,18,313.67,114,313.68,188,313.69,1960,313.7,221,313.71,94,313.72,234,313.73,34,313.74,35,313.75,313.605
2025-06-03 10:42:36,1131,313.53,180,313.52,594,313.51,6657,313.5,284,313.49,34,313.48,600,313.47,100,313.46,32,313.45,1200,313.44,76,313.65,95,313.66,215,313.68,60,313.69,1860,313.7,171,313.71,42,313.72,184,313.73,34,313.74,36,313.75,313.59
2025-06-03 10:42:46,1466,313.56,330,313.55,274,313.54,1131,313.53,712,313.52,144,313.51,5257,313.5,134,313.49,1600,313.48,100,313.47,1,313.68,1870,313.7,52,313.71,38,313.72,34,313.73,134,313.74,143,313.75,203,313.76,34,313.77,34,313.78,313.62
2025-06-03 10:42:56,1466,313.56,330,313.55,274,313.54,1151,313.53,680,313.52,1144,313.51,5257,313.5,100,313.49,600,313.48,100,313.47,228,313.68,72,313.69,1868,313.7,21,313.71,100,313.72,35,313.74,195,313.75,143,313.76,34,313.77,93,313.78,313.62
2025-06-03 10:43:06,482,313.58,184,313.57,166,313.56,212,313.55,274,313.54,1151,313.53,810,313.52,144,313.51,7257,313.5,100,313.49,1222,313.7,80,313.71,34,313.74,135,313.75,194,313.76,42,313.77,143,313.78,222,313.79,1819,313.8,41,313.81,313.64
2025-06-03 10:43:16,10394,313.59,182,313.58,484,313.57,466,313.56,180,313.55,274,313.54,1151,313.53,810,313.52,176,313.51,6257,313.5,1069,313.7,80,313.71,134,313.74,171,313.75,34,313.76,102,313.77,143,313.78,187,313.79,1819,313.8,41,313.81,313.645
2025-06-03 10:43:26,82,313.58,334,313.57,465,313.56,180,313.55,333,313.54,1150,313.53,910,313.52,676,313.51,6023,313.5,100,313.49,372,313.7,178,313.71,71,313.75,42,313.76,426,313.77,203,313.78,337,313.79,1819,313.8,41,313.81,385,313.82,313.64
2025-06-03 10:43:36,1165,313.56,480,313.55,824,313.54,1150,313.53,810,313.52,419,313.51,5058,313.5,100,313.49,700,313.47,100,313.46,52,313.69,541,313.7,21,313.71,100,313.73,195,313.74,221,313.75,34,313.76,476,313.77,143,313.78,337,313.79,313.625
2025-06-03 10:43:46,10394,313.59,82,313.58,34,313.57,1165,313.56,212,313.55,424,313.54,1150,313.53,1810,313.52,244,313.51,5158,313.5,339,313.7,60,313.71,35,313.74,35,313.75,34,313.76,334,313.77,339,313.78,357,313.79,819,313.8,43,313.81,313.645
2025-06-03 10:43:56,212,313.56,240,313.55,424,313.54,1150,313.53,460,313.52,1544,313.51,5758,313.5,582,313.49,100,313.47,100,313.46,138,313.67,488,313.68,100,313.69,10,313.72,5,313.73,68,313.74,188,313.75,971,313.76,531,313.77,334,313.78,313.615
2025-06-03 10:44:06,374,313.54,1182,313.53,460,313.52,1594,313.51,5658,313.5,584,313.49,100,313.47,200,313.46,500,313.45,100,313.44,276,313.66,570,313.67,447,313.68,86,313.7,182,313.72,184,313.73,142,313.74,284,313.75,134,313.76,334,313.77,313.6
2025-06-03 10:44:16,465,313.56,480,313.55,274,313.54,1150,313.53,160,313.52,1294,313.51,5758,313.5,400,313.49,1100,313.47,200,313.46,90,313.67,489,313.68,26,313.7,30,313.72,160,313.73,142,313.74,34,313.75,134,313.76,42,313.77,326,313.78,313.615
2025-06-03 10:44:26,274,313.54,1300,313.53,192,313.52,1694,313.51,5968,313.5,734,313.49,34,313.48,100,313.47,100,313.46,650,313.45,46,313.65,255,313.66,800,313.67,447,313.68,100,313.69,198,313.7,97,313.72,1184,313.73,142,313.74,284,313.75,313.595
2025-06-03 10:44:36,480,313.55,574,313.54,1150,313.53,160,313.52,1294,313.51,5668,313.5,134,313.49,166,313.48,100,313.47,1600,313.46,536,313.67,500,313.68,38,313.7,132,313.72,1166,313.73,242,313.74,34,313.75,34,313.76,116,313.77,34,313.78,313.61
2025-06-03 10:44:46,1125,313.63,43,313.62,1498,313.61,2450,313.6,10244,313.59,222,313.58,2277,313.57,765,313.56,180,313.55,774,313.54,83,313.74,176,313.77,34,313.78,365,313.79,819,313.8,41,313.81,135,313.82,369,313.83,34,313.84,52,313.85,313.685
2025-06-03 10:44:56,56,313.65,560,313.64,962,313.63,543,313.62,1348,313.61,1950,313.6,10776,313.59,232,313.58,2034,313.57,165,313.56,91,313.76,396,313.77,236,313.78,157,313.79,1009,313.8,41,313.81,85,313.82,34,313.83,34,313.84,82,313.85,313.705
2025-06-03 10:45:06,10244,313.59,182,313.58,1034,313.57,688,313.56,190,313.55,1874,313.54,1150,313.53,492,313.52,1314,313.51,5134,313.5,54,313.72,373,313.73,551,313.74,102,313.75,41,313.76,68,313.77,264,313.78,115,313.79,959,313.8,41,313.81,313.655
2025-06-03 10:45:16,2103,313.6,10244,313.59,82,313.58,1034,313.57,188,313.56,222,313.55,1274,313.54,1750,313.53,460,313.52,1848,313.51,261,313.73,442,313.74,36,313.75,616,313.76,36,313.77,214,313.78,165,313.79,809,313.8,177,313.81,35,313.82,313.665
2025-06-03 10:45:26,552,313.62,1176,313.61,2528,313.6,10244,313.59,182,313.58,1034,313.57,188,313.56,222,313.55,2274,313.54,1250,313.53,849,313.73,442,313.74,115,313.75,522,313.76,36,313.77,264,313.78,125,313.79,1041,313.8,145,313.81,185,313.82,313.675
2025-06-03 10:45:36,67,313.63,294,313.62,1676,313.61,2128,313.6,10244,313.59,114,313.58,1034,313.57,688,313.56,290,313.55,1740,313.54,271,313.74,516,313.76,28,313.77,80,313.78,57,313.79,798,313.8,96,313.81,35,313.82,134,313.83,143,313.84,313.685
2025-06-03 10:45:46,685,313.64,34,313.63,144,313.62,1690,313.61,14057,313.6,10844,313.59,1082,313.58,1034,313.57,188,313.56,288,313.55,237,313.76,2,313.77,33,313.78,23,313.79,798,313.8,68,313.81,95,313.82,42,313.83,243,313.84,55,313.85,313.7
2025-06-03 10:45:56,450,313.68,124,313.67,185,313.66,89,313.65,535,313.64,134,313.63,406,313.62,2676,313.61,14089,313.6,10994,313.59,427,313.8,78,313.81,35,313.82,34,313.83,143,313.84,87,313.85,114,313.86,52,313.87,1138,313.88,181,313.89,313.74
2025-06-03 10:46:06,1096,313.73,151,313.72,112,313.71,38,313.7,327,313.69,334,313.68,274,313.67,1535,313.66,556,313.65,2535,313.64,24,313.84,39,313.85,34,313.86,44,313.87,147,313.88,141,313.89,117,313.9,34,313.91,42,313.92,478,313.93,313.78499999999997
2025-06-03 10:46:16,104,313.7,117,313.69,334,313.68,81,313.67,685,313.66,1056,313.65,2035,313.64,199,313.63,182,313.62,1326,313.61,5,313.82,99,313.83,143,313.84,48,313.85,73,313.86,346,313.87,288,313.88,89,313.89,218,313.9,34,313.91,313.76
2025-06-03 10:46:26,34,313.66,56,313.65,635,313.64,216,313.63,882,313.62,2126,313.61,14057,313.6,10394,313.59,1082,313.58,1634,313.57,328,313.77,82,313.78,371,313.79,89,313.8,233,313.81,146,313.82,292,313.83,286,313.84,51,313.85,173,313.86,313.71500000000003
2025-06-03 10:46:36,757,313.62,1726,313.61,14357,313.6,10394,313.59,1082,313.58,1034,313.57,220,313.56,40,313.55,1040,313.54,1596,313.53,93,313.75,15,313.76,342,313.77,329,313.78,43,313.79,273,313.8,139,313.81,216,313.82,143,313.83,136,313.84,313.685
2025-06-03 10:46:46,650,313.63,582,313.62,1436,313.61,14057,313.6,10394,313.59,82,313.58,1334,313.57,488,313.56,540,313.55,1040,313.54,146,313.74,30,313.75,91,313.76,321,313.77,261,313.78,43,313.79,565,313.8,1141,313.81,484,313.82,443,313.83,313.685
2025-06-03 10:46:56,436,313.62,2036,313.61,14157,313.6,10394,313.59,582,313.58,1066,313.57,188,313.56,99,313.55,1040,313.54,3579,313.53,28,313.76,376,313.77,69,313.78,43,313.79,477,313.8,1133,313.81,134,313.82,66,313.83,136,313.84,257,313.85,313.69
2025-06-03 10:47:06,87,313.62,1768,313.61,14157,313.6,10394,313.59,82,313.58,1034,313.57,1438,313.56,40,313.55,1040,313.54,1496,313.53,3,313.73,23,313.76,435,313.77,69,313.78,43,313.79,425,313.8,1133,313.81,143,313.82,277,313.83,236,313.84,313.675
2025-06-03 10:47:16,184,313.64,550,313.63,120,313.62,1768,313.61,14157,313.6,10394,313.59,1082,313.58,1034,313.57,1438,313.56,106,313.55,303,313.77,87,313.78,9,313.79,193,313.8,233,313.81,34,313.82,42,313.83,245,313.84,48,313.85,337,313.86,313.705
2025-06-03 10:47:26,583,313.63,87,313.62,1739,313.61,14157,313.6,10394,313.59,1082,313.58,2034,313.57,438,313.56,606,313.55,572,313.54,1,313.76,12,313.77,16,313.78,12,313.79,457,313.8,133,313.81,42,313.82,184,313.83,345,313.84,48,313.85,313.695
2025-06-03 10:47:36,150,313.68,15,313.67,232,313.66,418,313.65,310,313.64,2083,313.63,987,313.62,1489,313.61,14657,313.6,10744,313.59,1,313.81,35,313.82,186,313.83,142,313.84,35,313.85,13,313.86,52,313.87,1185,313.88,81,313.89,717,313.9,313.745
2025-06-03 10:47:46,14089,313.6,10244,313.59,1082,313.58,2334,313.57,904,313.56,120,313.55,240,313.54,1596,313.53,326,313.52,314,313.51,1,313.74,1,313.75,1,313.76,1,313.77,598,313.78,10,313.8,136,313.81,43,313.82,265,313.83,136,313.84,313.67
2025-06-03 10:47:56,748,313.63,953,313.62,1786,313.61,14057,313.6,11244,313.59,1082,313.58,2334,313.57,438,313.56,40,313.55,274,313.54,1,313.75,373,313.76,48,313.77,565,313.78,184,313.79,44,313.8,444,313.81,34,313.82,23,313.83,292,313.84,313.69
2025-06-03 10:48:06,14023,313.6,10210,313.59,48,313.58,1100,313.57,154,313.56,640,313.55,274,313.54,1130,313.53,160,313.52,2295,313.51,326,313.71,518,313.72,261,313.73,181,313.74,216,313.75,34,313.76,370,313.77,565,313.78,334,313.79,453,313.8,313.655
2025-06-03 10:48:16,10544,313.59,1382,313.58,1184,313.57,835,313.56,40,313.55,274,313.54,1130,313.53,3247,313.52,1148,313.51,5263,313.5,683,313.76,141,313.77,16,313.78,107,313.79,123,313.8,243,313.81,34,313.82,445,313.83,586,313.84,344,313.85,313.67499999999995
2025-06-03 10:48:26,14023,313.6,10210,313.59,1082,313.58,1134,313.57,488,313.56,340,313.55,321,313.54,780,313.53,1160,313.52,1148,313.51,11,313.73,155,313.74,635,313.75,20,313.76,94,313.77,16,313.78,142,313.79,344,313.8,443,313.81,334,313.82,313.665
2025-06-03 10:48:36,1670,313.62,2771,313.61,14057,313.6,10244,313.59,1082,313.58,1081,313.57,788,313.56,40,313.55,274,313.54,780,313.53,430,313.75,20,313.76,101,313.77,16,313.78,54,313.79,254,313.8,143,313.81,40,313.82,134,313.83,136,313.84,313.685
2025-06-03 10:48:46,1370,313.62,2387,313.61,14057,313.6,10544,313.59,1382,313.58,1231,313.57,788,313.56,40,313.55,274,313.54,780,313.53,82,313.74,334,313.75,60,313.76,34,313.77,16,313.78,364,313.79,194,313.8,143,313.81,134,313.82,190,313.83,313.68
2025-06-03 10:48:56,1285,313.7,53,313.69,1534,313.68,1199,313.67,567,313.66,186,313.65,300,313.64,301,313.63,803,313.62,2755,313.61,52,313.88,438,313.89,135,313.9,34,313.91,34,313.92,63,313.93,40,313.94,163,313.95,302,313.96,258,313.97,313.78999999999996
2025-06-03 10:49:06,113,313.79,593,313.78,300,313.77,150,313.76,277,313.75,1137,313.74,167,313.73,586,313.72,536,313.71,1788,313.7,40,313.91,498,313.92,34,313.93,34,313.94,216,313.95,121,313.96,264,313.97,804,313.98,336,313.99,6635,314.0,313.85
2025-06-03 10:49:17,231,313.82,656,313.81,1189,313.8,566,313.79,36,313.78,134,313.77,34,313.76,593,313.75,940,313.74,634,313.73,298,313.94,77,313.95,40,313.96,49,313.97,714,313.98,209,313.99,6754,314.0,39,314.01,34,314.02,54,314.03,313.88
2025-06-03 10:49:27,1189,313.8,566,313.79,36,313.78,134,313.77,34,313.76,534,313.75,940,313.74,534,313.73,131,313.72,157,313.71,236,313.94,85,313.95,40,313.96,52,313.97,677,313.98,291,313.99,6754,314.0,39,314.01,134,314.02,54,314.03,313.87
2025-06-03 10:49:37,47,313.86,84,313.85,234,313.84,1034,313.83,686,313.82,136,313.81,39,313.8,89,313.79,128,313.78,634,313.77,576,313.98,207,313.99,6481,314.0,100,314.01,34,314.02,154,314.03,45,314.04,284,314.05,172,314.06,184,314.07,313.92
2025-06-03 10:49:47,60,313.86,50,313.85,150,313.84,1500,313.83,36,313.82,36,313.81,282,313.8,184,313.79,407,313.78,661,313.77,356,313.98,367,313.99,6545,314.0,290,314.01,438,314.02,54,314.03,39,314.04,40,314.05,172,314.06,184,314.07,313.92
2025-06-03 10:49:57,309,313.89,209,313.88,184,313.87,34,313.86,184,313.85,581,313.84,34,313.83,159,313.82,536,313.81,639,313.8,4927,314.0,6,314.01,123,314.02,54,314.03,148,314.04,34,314.05,210,314.06,244,314.07,108,314.08,40,314.09,313.945
2025-06-03 10:50:07,301,313.89,109,313.88,34,313.87,34,313.86,34,313.85,34,313.84,93,313.83,444,313.82,886,313.81,539,313.8,4570,314.0,203,314.01,34,314.02,351,314.03,99,314.04,35,314.05,63,314.06,140,314.07,217,314.08,184,314.09,313.945
2025-06-03 10:50:17,1,313.89,143,313.88,284,313.87,134,313.86,34,313.85,81,313.84,93,313.83,1036,313.82,936,313.81,539,313.8,4064,314.0,203,314.01,54,314.03,139,314.04,82,314.05,123,314.06,40,314.07,217,314.08,184,314.09,238,314.1,313.945
2025-06-03 10:50:27,1,313.89,109,313.88,134,313.86,34,313.85,284,313.84,196,313.83,1136,313.82,686,313.81,539,313.8,231,313.79,3418,314.0,434,314.01,438,314.02,304,314.03,139,314.04,35,314.05,94,314.06,40,314.07,317,314.08,184,314.09,313.945
2025-06-03 10:50:37,39,313.8,34,313.79,77,313.78,834,313.77,434,313.76,184,313.75,1419,313.74,534,313.73,307,313.72,657,313.71,28,313.93,106,313.94,141,313.95,393,313.96,250,313.97,251,313.98,748,313.99,3439,314.0,69,314.01,34,314.02,313.865
2025-06-03 10:50:47,34,313.79,197,313.78,834,313.77,434,313.76,184,313.75,1040,313.74,634,313.73,64,313.72,750,313.71,1461,313.7,883,313.93,348,313.94,122,313.95,184,313.96,219,313.97,310,313.98,692,313.99,3444,314.0,40,314.01,143,314.02,313.86
2025-06-03 10:50:57,334,313.79,274,313.78,581,313.77,46,313.76,534,313.75,40,313.74,534,313.73,64,313.72,291,313.71,1427,313.7,20,313.93,57,313.94,34,313.95,95,313.96,251,313.97,311,313.98,963,313.99,4355,314.0,190,314.01,143,314.02,313.86
