DateTime,BidQty1,BidPrice1,BidQty2,BidPrice2,BidQty3,BidPrice3,BidQty4,BidPrice4,BidQty5,BidPrice5,BidQty6,BidPrice6,BidQty7,BidPrice7,BidQty8,BidPrice8,BidQty9,BidPrice9,BidQty10,BidPrice10,AskQty1,AskPrice1,AskQty2,AskPrice2,AskQty3,AskPrice3,AskQty4,AskPrice4,AskQty5,AskPrice5,AskQty6,AskPrice6,AskQty7,AskPrice7,AskQty8,AskPrice8,AskQty9,AskPrice9,AskQty10,AskPrice10,mid_price
2025-06-05 10:00:18,394,316.69,34,316.68,243,316.65,1102,316.64,175,316.63,100,316.62,1000,316.61,754,316.6,3,316.58,300,316.57,28,316.8,296,316.81,9,316.82,8,316.83,90,316.86,275,316.87,720,316.88,312,316.89,493,316.9,47,316.91,316.745
2025-06-05 10:00:28,151,316.56,171,316.55,418,316.54,501,316.53,267,316.52,3,316.51,1180,316.5,100,316.49,278,316.48,2550,316.47,100,316.69,13,316.7,113,316.71,240,316.73,100,316.74,112,316.75,77,316.76,336,316.77,167,316.78,533,316.79,316.625
2025-06-05 10:00:38,336,316.64,1100,316.63,100,316.62,504,316.6,100,316.59,3,316.58,240,316.57,280,316.56,1000,316.55,1018,316.54,39,316.75,14,316.77,100,316.79,98,316.8,396,316.81,8,316.83,115,316.84,124,316.85,85,316.86,278,316.87,316.695
2025-06-05 10:00:48,1143,316.63,134,316.62,34,316.61,604,316.6,3,316.58,251,316.56,1250,316.55,1048,316.54,1,316.53,567,316.52,100,316.79,98,316.8,296,316.81,60,316.82,8,316.83,64,316.84,340,316.85,247,316.86,549,316.87,704,316.88,316.71000000000004
2025-06-05 10:00:58,44,316.57,1251,316.56,48,316.54,101,316.53,567,316.52,503,316.51,156,316.5,478,316.48,1024,316.47,300,316.45,376,316.69,17,316.7,11,316.73,37,316.74,581,316.75,164,316.76,442,316.77,360,316.78,98,316.79,128,316.8,316.63
2025-06-05 10:01:08,303,316.51,1256,316.5,100,316.49,428,316.48,1000,316.47,24,316.46,300,316.45,150,316.43,1000,316.42,660,316.41,51,316.65,63,316.66,101,316.67,36,316.68,3,316.69,70,316.7,60,316.72,62,316.73,689,316.74,144,316.76,316.58
2025-06-05 10:01:18,334,316.36,559,316.35,34,316.34,3,316.33,110,316.32,150,316.31,161,316.3,1150,316.29,24,316.28,1000,316.27,408,316.49,13,316.5,206,316.51,1,316.52,248,316.53,102,316.54,109,316.55,299,316.56,338,316.59,1166,316.6,316.425
2025-06-05 10:01:28,44,316.23,65,316.22,300,316.21,100,316.2,1000,316.19,150,316.17,606,316.16,197,316.15,1,316.14,152,316.13,44,316.38,1100,316.39,3,316.42,92,316.44,755,316.45,100,316.46,34,316.47,39,316.48,514,316.49,135,316.5,316.305
2025-06-05 10:01:38,34,316.21,32,316.2,250,316.19,240,316.17,1156,316.16,53,316.15,3,316.13,2000,316.11,753,316.1,100,316.09,177,316.34,5,316.36,67,316.4,1000,316.41,60,316.42,644,316.45,34,316.46,34,316.47,339,316.48,300,316.49,316.275
2025-06-05 10:01:48,34,316.21,134,316.2,450,316.19,300,316.18,106,316.16,97,316.15,816,316.14,303,316.13,750,316.12,2000,316.11,397,316.34,76,316.35,8,316.37,8,316.39,100,316.4,124,316.41,1109,316.42,93,316.44,334,316.45,334,316.46,316.275
2025-06-05 10:01:58,434,316.17,306,316.16,97,316.15,1,316.14,114,316.13,350,316.12,1000,316.11,1253,316.1,610,316.09,650,316.08,376,316.3,43,316.31,3,316.32,35,316.33,98,316.34,84,316.35,6,316.36,286,316.37,276,316.4,1034,316.41,316.235
2025-06-05 10:02:08,34,316.15,36,316.14,373,316.13,450,316.12,1100,316.11,1353,316.1,150,316.08,10,316.07,110,316.06,588,316.05,434,316.26,15,316.27,215,316.3,112,316.31,60,316.32,98,316.34,1,316.35,158,316.36,34,316.37,451,316.38,316.205
2025-06-05 10:02:18,212,316.13,217,316.12,1134,316.11,253,316.1,300,316.09,450,316.08,1010,316.07,110,316.06,208,316.05,802,316.04,1266,316.25,19,316.26,9,316.27,60,316.28,215,316.3,78,316.31,34,316.32,100,316.33,335,316.35,340,316.36,316.19
2025-06-05 10:02:28,34,316.09,34,316.08,160,316.07,110,316.06,1108,316.05,302,316.04,100,316.03,400,316.02,189,316.01,2234,316.0,162,316.23,24,316.24,868,316.25,200,316.27,6,316.29,1475,316.3,112,316.31,109,316.32,34,316.33,184,316.34,316.15999999999997
2025-06-05 10:02:38,184,316.12,34,316.11,287,316.1,1200,316.09,100,316.08,260,316.07,137,316.06,1108,316.05,102,316.04,100,316.03,185,316.23,20,316.24,868,316.25,200,316.27,6,316.29,1315,316.3,112,316.31,169,316.32,34,316.34,35,316.35,316.175
2025-06-05 10:02:48,124,316.29,209,316.28,176,316.27,75,316.26,89,316.25,1152,316.24,1350,316.23,127,316.22,20,316.21,516,316.2,91,316.4,1,316.44,20,316.45,60,316.48,3,316.49,153,316.5,212,316.51,176,316.52,342,316.53,1034,316.54,316.345
2025-06-05 10:02:58,184,316.18,34,316.17,140,316.16,234,316.15,151,316.14,1004,316.13,34,316.12,1100,316.11,1253,316.1,1300,316.09,93,316.29,1331,316.3,134,316.35,60,316.36,109,316.38,72,316.39,321,316.4,34,316.41,268,316.42,293,316.43,316.235
2025-06-05 10:03:08,284,316.18,34,316.17,40,316.16,39,316.14,1104,316.13,100,316.12,1100,316.11,1253,316.1,1300,316.09,300,316.08,4,316.29,1285,316.3,39,316.32,234,316.35,169,316.38,321,316.4,34,316.41,184,316.42,327,316.43,1185,316.44,316.235
2025-06-05 10:03:18,36,316.14,254,316.13,734,316.12,731,316.11,287,316.1,1200,316.09,650,316.07,14,316.06,1058,316.05,102,316.04,11,316.25,130,316.26,32,316.29,1199,316.3,34,316.32,107,316.33,134,316.34,143,316.35,34,316.36,334,316.37,316.195
2025-06-05 10:03:28,1234,316.09,34,316.08,150,316.07,50,316.06,1159,316.05,1102,316.04,1600,316.03,150,316.02,416,316.01,588,316.0,29,316.24,100,316.25,85,316.28,363,316.29,1599,316.3,209,316.31,34,316.32,34,316.33,34,316.34,1034,316.35,316.16499999999996
2025-06-05 10:03:38,34,316.08,184,316.07,514,316.06,1059,316.05,1102,316.04,1100,316.03,150,316.02,16,316.01,588,316.0,710,315.99,376,316.27,139,316.28,52,316.29,1600,316.3,134,316.31,94,316.32,115,316.33,143,316.34,1134,316.35,184,316.36,316.17499999999995
2025-06-05 10:03:48,532,316.14,438,316.13,1234,316.12,134,316.11,753,316.1,2300,316.09,150,316.07,514,316.06,59,316.05,102,316.04,1,316.26,134,316.28,1601,316.3,13,316.31,60,316.33,6,316.34,34,316.35,190,316.36,134,316.37,34,316.38,316.2
2025-06-05 10:03:58,1287,316.18,82,316.17,34,316.16,84,316.15,285,316.14,538,316.13,34,316.12,684,316.11,2953,316.1,1400,316.09,132,316.37,47,316.38,141,316.39,419,316.4,1322,316.41,134,316.42,175,316.43,569,316.44,649,316.45,34,316.46,316.275
2025-06-05 10:04:08,187,316.18,181,316.17,34,316.16,274,316.15,1035,316.14,538,316.13,135,316.12,684,316.11,2953,316.1,1400,316.09,344,316.32,13,316.34,134,316.35,34,316.36,199,316.37,44,316.38,387,316.39,311,316.4,1034,316.41,284,316.42,316.25
2025-06-05 10:04:18,160,316.48,34,316.47,184,316.46,34,316.45,34,316.44,34,316.43,184,316.42,34,316.41,783,316.4,534,316.39,100,316.6,190,316.61,34,316.62,34,316.63,396,316.64,47,316.65,143,316.66,35,316.67,134,316.68,40,316.69,316.54
2025-06-05 10:04:28,250,316.5,34,316.48,34,316.47,134,316.46,34,316.45,100,316.44,534,316.43,1184,316.42,34,316.41,334,316.4,35,316.64,334,316.65,58,316.66,95,316.67,334,316.68,34,316.69,160,316.7,431,316.71,34,316.72,1034,316.73,316.57
2025-06-05 10:04:38,150,316.59,1000,316.58,1034,316.57,94,316.56,143,316.55,284,316.54,34,316.53,34,316.52,53,316.51,684,316.5,119,316.7,141,316.71,34,316.72,394,316.73,34,316.74,1016,316.75,165,316.76,334,316.77,37,316.78,132,316.79,316.645
2025-06-05 10:04:48,626,316.49,1034,316.48,1684,316.47,134,316.46,34,316.45,34,316.44,272,316.43,150,316.42,100,316.41,61,316.4,72,316.66,112,316.67,132,316.68,834,316.69,103,316.7,134,316.71,143,316.72,184,316.73,380,316.74,1166,316.75,316.57500000000005
2025-06-05 10:04:58,306,316.49,1034,316.48,1684,316.47,134,316.46,34,316.45,34,316.44,150,316.42,308,316.39,760,316.38,160,316.37,58,316.66,400,316.67,281,316.68,534,316.69,106,316.7,34,316.71,34,316.72,154,316.73,322,316.74,992,316.75,316.57500000000005
2025-06-05 10:05:08,34,316.31,233,316.3,34,316.29,150,316.28,272,316.27,1240,316.26,110,316.25,106,316.24,102,316.23,510,316.22,9,316.49,131,316.5,94,316.51,139,316.52,322,316.53,894,316.54,143,316.55,184,316.56,34,316.57,34,316.58,316.4
2025-06-05 10:05:18,94,316.43,352,316.42,246,316.41,1034,316.4,34,316.39,684,316.38,64,316.37,173,316.36,1000,316.35,150,316.34,60,316.6,34,316.61,185,316.62,330,316.63,646,316.64,197,316.65,1034,316.66,81,316.67,134,316.68,558,316.69,316.515
2025-06-05 10:05:28,374,316.32,334,316.31,633,316.3,35,316.29,150,316.26,204,316.25,500,316.24,1410,316.22,1150,316.21,1013,316.2,100,316.46,134,316.47,144,316.48,210,316.49,89,316.5,144,316.51,1000,316.52,109,316.53,64,316.54,284,316.55,316.39
2025-06-05 10:05:38,631,316.26,447,316.25,35,316.24,34,316.23,42,316.22,1150,316.21,13,316.2,204,316.18,1797,316.17,200,316.16,114,316.4,90,316.41,80,316.42,70,316.43,2000,316.44,3,316.46,159,316.47,92,316.48,231,316.49,243,316.5,316.33
2025-06-05 10:05:48,191,316.17,284,316.16,150,316.15,291,316.14,704,316.13,250,316.12,503,316.1,2300,316.09,1450,316.08,1000,316.07,123,316.32,81,316.33,110,316.34,350,316.36,234,316.37,1000,316.38,64,316.4,293,316.41,81,316.42,184,316.43,316.245
2025-06-05 10:05:58,187,316.18,291,316.17,184,316.16,50,316.15,226,316.14,704,316.13,100,316.12,72,316.11,753,316.1,2300,316.09,1,316.31,11,316.32,98,316.34,58,316.36,183,316.37,1060,316.38,250,316.39,34,316.4,293,316.41,34,316.42,316.245
2025-06-05 10:06:08,308,316.15,197,316.14,688,316.13,400,316.12,300,316.11,453,316.1,1300,316.09,1150,316.08,1501,316.06,358,316.05,109,316.29,50,316.3,340,316.32,257,316.33,90,316.34,324,316.35,298,316.36,1184,316.37,381,316.38,334,316.39,316.22
2025-06-05 10:06:18,538,316.13,534,316.12,334,316.11,287,316.1,1235,316.09,184,316.08,34,316.07,501,316.06,158,316.05,303,316.04,125,316.26,7,316.27,250,316.28,1000,316.29,150,316.3,94,316.31,40,316.32,549,316.33,124,316.34,293,316.35,316.195
2025-06-05 10:06:28,636,316.14,38,316.13,81,316.12,334,316.11,737,316.1,1334,316.09,184,316.08,274,316.07,501,316.06,158,316.05,180,316.27,1000,316.29,50,316.3,94,316.31,34,316.32,499,316.33,171,316.34,237,316.35,334,316.36,334,316.37,316.205
2025-06-05 10:06:38,134,316.11,333,316.1,1344,316.09,484,316.08,334,316.07,536,316.06,92,316.05,403,316.04,250,316.03,31,316.02,212,316.26,361,316.27,231,316.28,1034,316.29,234,316.3,94,316.31,190,316.32,799,316.33,334,316.34,175,316.35,316.185
2025-06-05 10:06:48,334,316.11,347,316.1,1544,316.09,381,316.08,134,316.07,36,316.06,242,316.05,337,316.04,284,316.03,65,316.02,11,316.23,100,316.24,240,316.25,184,316.26,34,316.27,244,316.28,1034,316.29,193,316.3,81,316.31,66,316.32,316.17
2025-06-05 10:06:58,334,316.12,784,316.11,334,316.1,1249,316.09,1034,316.08,34,316.07,36,316.06,342,316.05,1337,316.04,100,316.03,2,316.26,145,316.27,38,316.28,134,316.29,144,316.3,34,316.31,84,316.32,499,316.33,143,316.34,34,316.35,316.19
2025-06-05 10:07:08,34,316.15,332,316.14,200,316.13,258,316.12,334,316.11,287,316.1,1499,316.09,1034,316.08,1002,316.06,708,316.05,15,316.29,383,316.3,3,316.31,34,316.32,202,316.33,94,316.34,134,316.35,143,316.36,142,316.37,334,316.38,316.22
2025-06-05 10:07:18,287,316.04,434,316.03,405,316.02,1970,316.01,549,316.0,650,315.99,402,315.98,1150,315.95,1000,315.94,150,315.91,100,316.2,7,316.21,2,316.22,25,316.23,246,316.24,1134,316.25,246,316.26,34,316.27,184,316.28,358,316.29,316.12
2025-06-05 10:07:28,94,316.07,435,316.06,392,316.05,287,316.04,181,316.03,87,316.02,1970,316.01,583,316.0,150,315.99,102,315.98,15,316.2,7,316.21,242,316.22,100,316.23,348,316.24,1143,316.25,185,316.26,181,316.27,184,316.28,66,316.29,316.135
2025-06-05 10:07:38,365,316.02,2270,316.01,578,316.0,231,315.99,36,315.98,1750,315.95,1000,315.94,300,315.92,150,315.91,100,315.9,240,316.16,1011,316.17,100,316.18,15,316.2,100,316.21,143,316.22,149,316.23,184,316.24,1034,316.25,185,316.26,316.09000000000003
2025-06-05 10:07:48,184,315.99,36,315.98,334,315.97,347,315.96,100,315.95,1000,315.94,800,315.92,150,315.91,27,315.88,1150,315.87,2,316.12,28,316.13,80,316.14,160,316.15,3,316.16,945,316.17,106,316.19,127,316.2,103,316.21,484,316.22,316.055
2025-06-05 10:07:58,184,315.99,36,315.98,581,315.97,334,315.96,100,315.95,800,315.92,150,315.91,21,315.89,2032,315.88,1150,315.87,1,316.13,80,316.14,169,316.15,50,316.16,1005,316.17,1000,316.18,247,316.19,114,316.2,72,316.21,484,316.22,316.06
2025-06-05 10:08:08,1498,315.67,335,315.66,736,315.65,1135,315.64,184,315.63,60,315.62,1001,315.61,564,315.6,10,315.59,507,315.58,60,315.82,53,315.83,182,315.86,124,315.87,34,315.88,434,315.89,134,315.9,184,315.91,142,315.92,231,315.93,315.745
2025-06-05 10:08:19,1026,315.71,456,315.7,184,315.69,44,315.68,330,315.67,1135,315.66,1736,315.65,1,315.64,200,315.63,1501,315.61,59,315.84,97,315.85,34,315.89,35,315.9,81,315.91,238,315.92,358,315.93,284,315.94,134,315.95,1034,315.96,315.775
2025-06-05 10:08:29,443,315.81,434,315.8,94,315.79,1134,315.78,44,315.77,81,315.76,385,315.75,634,315.74,1034,315.73,59,315.72,59,315.96,49,315.97,34,315.98,86,315.99,356,316.0,39,316.01,140,316.02,334,316.03,35,316.04,105,316.05,315.885
2025-06-05 10:08:39,294,315.76,584,315.75,334,315.74,81,315.73,34,315.72,60,315.71,1309,315.7,1134,315.69,160,315.68,800,315.67,174,315.9,4,315.91,1,315.92,34,315.93,114,315.94,124,315.95,221,315.96,184,315.97,280,315.98,489,315.99,315.83
2025-06-05 10:08:49,34,315.76,844,315.75,334,315.74,34,315.73,34,315.72,107,315.71,1309,315.7,1134,315.69,194,315.68,834,315.67,194,315.88,12,315.89,1,315.9,78,315.91,40,315.92,60,315.93,36,315.94,184,315.95,121,315.96,204,315.97,315.82
2025-06-05 10:08:59,34,315.59,415,315.58,592,315.57,250,315.56,2611,315.55,1000,315.54,301,315.53,2138,315.5,150,315.49,1131,315.48,75,315.71,113,315.72,100,315.76,168,315.78,298,315.79,265,315.8,34,315.81,184,315.82,334,315.83,1543,315.84,315.65
2025-06-05 10:09:09,34,315.63,256,315.62,93,315.61,873,315.6,51,315.59,1532,315.58,211,315.57,140,315.56,2511,315.55,300,315.54,260,315.78,413,315.79,334,315.8,100,315.82,237,315.84,134,315.85,184,315.86,44,315.87,34,315.88,370,315.89,315.705
2025-06-05 10:09:19,274,315.72,181,315.71,340,315.7,34,315.69,44,315.68,1134,315.67,35,315.66,39,315.65,1081,315.64,100,315.63,56,315.86,13,315.87,34,315.88,430,315.89,288,315.9,34,315.91,143,315.92,134,315.93,34,315.94,158,315.95,315.79
2025-06-05 10:09:29,1173,315.74,34,315.73,34,315.72,285,315.71,340,315.7,34,315.69,44,315.68,1134,315.67,185,315.66,5,315.65,5,315.87,8,315.88,36,315.89,348,315.9,34,315.91,143,315.92,34,315.93,40,315.94,334,315.95,134,315.96,315.805
2025-06-05 10:09:39,180,315.79,50,315.78,35,315.77,551,315.76,631,315.75,2075,315.74,34,315.73,34,315.72,285,315.71,490,315.7,44,315.92,94,315.93,34,315.94,34,315.95,34,315.96,334,315.97,81,315.98,39,315.99,352,316.0,143,316.01,315.855
2025-06-05 10:09:49,349,315.7,88,315.69,796,315.68,1034,315.67,35,315.66,386,315.65,334,315.64,100,315.63,1125,315.62,301,315.61,565,315.81,19,315.82,108,315.84,3,315.85,128,315.86,137,315.87,210,315.88,98,315.89,293,315.9,423,315.91,315.755
2025-06-05 10:09:59,194,315.59,66,315.58,45,315.57,440,315.56,322,315.55,247,315.54,451,315.53,67,315.51,939,315.5,1150,315.49,709,315.72,101,315.73,47,315.76,97,315.77,525,315.78,45,315.79,150,315.8,440,315.81,334,315.82,34,315.83,315.655
2025-06-05 10:10:09,41,315.58,495,315.57,549,315.56,206,315.55,319,315.53,353,315.51,439,315.5,1150,315.49,31,315.48,3017,315.47,863,315.71,32,315.72,47,315.73,60,315.74,101,315.76,152,315.77,396,315.79,84,315.8,262,315.81,334,315.82,315.645
2025-06-05 10:10:19,465,315.55,334,315.54,185,315.53,134,315.52,198,315.51,439,315.5,1000,315.49,231,315.48,515,315.47,18,315.46,675,315.68,20,315.69,100,315.7,66,315.71,9,315.72,244,315.74,327,315.75,184,315.76,34,315.77,134,315.78,315.615
2025-06-05 10:10:29,140,315.71,274,315.7,1034,315.69,34,315.68,134,315.67,135,315.66,1389,315.65,91,315.64,134,315.63,301,315.61,53,315.85,260,315.86,34,315.87,34,315.88,34,315.89,34,315.9,68,315.91,40,315.92,143,315.93,154,315.94,315.78
2025-06-05 10:10:39,184,315.75,34,315.74,34,315.73,34,315.72,384,315.71,77,315.7,1045,315.69,1034,315.68,134,315.67,182,315.66,34,315.87,105,315.88,134,315.9,34,315.91,94,315.92,134,315.93,177,315.94,34,315.95,130,315.96,434,315.97,315.81
2025-06-05 10:10:49,44,315.74,39,315.73,818,315.72,384,315.71,184,315.7,1145,315.69,1034,315.68,82,315.67,135,315.66,855,315.65,100,315.87,139,315.88,47,315.89,102,315.9,184,315.91,134,315.92,190,315.93,177,315.94,334,315.95,34,315.96,315.805
2025-06-05 10:10:59,59,315.72,484,315.71,3184,315.7,145,315.69,34,315.68,92,315.67,101,315.66,356,315.65,1000,315.64,250,315.63,448,315.84,143,315.85,100,315.86,47,315.89,60,315.9,218,315.91,40,315.92,293,315.93,34,315.94,42,315.95,315.78
2025-06-05 10:11:09,1070,315.67,135,315.66,540,315.65,434,315.64,284,315.63,748,315.61,574,315.6,101,315.59,507,315.58,2272,315.57,691,315.81,100,315.82,366,315.85,60,315.86,184,315.87,140,315.88,34,315.89,42,315.9,334,315.91,434,315.92,315.74
2025-06-05 10:11:19,284,315.63,34,315.62,335,315.61,1150,315.6,349,315.59,7,315.58,188,315.57,1015,315.56,622,315.55,300,315.54,100,315.76,422,315.77,134,315.79,13,315.8,133,315.81,100,315.82,210,315.83,109,315.84,619,315.85,334,315.86,315.695
2025-06-05 10:11:29,84,315.68,1070,315.67,135,315.66,240,315.65,34,315.64,250,315.63,48,315.62,302,315.61,750,315.6,1602,315.59,100,315.84,182,315.85,152,315.86,194,315.88,34,315.89,34,315.9,40,315.91,134,315.92,184,315.93,167,315.94,315.76
2025-06-05 10:11:39,334,315.72,558,315.71,3134,315.7,35,315.69,84,315.68,1070,315.67,135,315.66,240,315.65,1500,315.64,350,315.63,183,315.85,143,315.86,139,315.89,168,315.9,94,315.91,34,315.92,34,315.93,276,315.94,484,315.95,134,315.96,315.785
2025-06-05 10:11:49,84,315.68,1520,315.67,435,315.66,240,315.65,634,315.64,250,315.63,48,315.62,302,315.61,750,315.6,2213,315.59,247,315.83,18,315.84,64,315.85,285,315.86,151,315.87,70,315.88,189,315.89,68,315.9,98,315.91,624,315.92,315.755
2025-06-05 10:11:59,384,315.68,1520,315.67,35,315.66,240,315.65,134,315.64,250,315.63,48,315.62,802,315.61,737,315.6,2213,315.59,254,315.83,243,315.84,64,315.85,211,315.87,70,315.88,189,315.89,68,315.9,98,315.91,243,315.92,129,315.93,315.755
2025-06-05 10:12:09,1370,315.67,35,315.66,390,315.65,34,315.64,1284,315.63,388,315.62,402,315.61,1737,315.6,242,315.59,307,315.58,430,315.79,172,315.8,113,315.83,171,315.85,150,315.86,135,315.87,220,315.88,39,315.89,202,315.9,124,315.91,315.73
2025-06-05 10:12:19,35,315.69,384,315.68,1370,315.67,35,315.66,240,315.65,34,315.64,534,315.63,35,315.62,449,315.61,1737,315.6,76,315.8,46,315.81,108,315.82,194,315.83,150,315.84,164,315.85,184,315.86,135,315.87,130,315.88,71,315.89,315.745
2025-06-05 10:12:29,721,315.71,3290,315.7,35,315.69,234,315.68,1070,315.67,275,315.66,240,315.65,34,315.64,1534,315.63,19,315.62,160,315.83,50,315.84,79,315.85,59,315.87,34,315.88,145,315.89,371,315.9,234,315.91,34,315.92,34,315.93,315.77
2025-06-05 10:12:39,741,315.71,3190,315.7,35,315.69,84,315.68,70,315.67,35,315.66,240,315.65,105,315.64,1500,315.63,1,315.62,32,315.83,111,315.84,64,315.85,47,315.86,1,315.87,65,315.89,339,315.9,84,315.91,134,315.92,34,315.93,315.77
2025-06-05 10:12:49,35,315.77,34,315.76,34,315.75,94,315.74,34,315.73,1034,315.72,548,315.71,3053,315.7,1,315.69,350,315.68,5,315.89,27,315.9,60,315.91,47,315.92,60,315.95,34,315.96,149,315.97,34,315.98,44,315.99,418,316.0,315.83
2025-06-05 10:12:59,334,315.73,529,315.72,529,315.71,3040,315.7,35,315.69,2466,315.68,286,315.67,1,315.66,206,315.65,32,315.64,148,315.86,58,315.9,150,315.91,45,315.93,252,315.94,293,315.95,34,315.96,234,315.97,334,315.98,444,315.99,315.795
2025-06-05 10:13:09,1434,315.72,472,315.71,3087,315.7,35,315.69,84,315.68,186,315.67,33,315.66,206,315.65,1000,315.64,1850,315.63,5,315.83,125,315.84,5,315.85,128,315.86,7,315.87,46,315.88,159,315.89,108,315.91,247,315.92,293,315.93,315.775
2025-06-05 10:13:19,394,315.73,1434,315.72,472,315.71,3087,315.7,35,315.69,184,315.68,220,315.67,59,315.66,206,315.65,100,315.64,32,315.87,96,315.88,200,315.89,144,315.91,87,315.92,184,315.93,143,315.94,184,315.95,34,315.96,191,315.97,315.8
2025-06-05 10:13:29,94,315.74,116,315.73,1034,315.72,472,315.71,3040,315.7,35,315.69,184,315.68,583,315.67,1,315.66,2305,315.65,1,315.89,92,315.9,78,315.91,94,315.92,34,315.93,134,315.94,134,315.95,34,315.96,143,315.97,139,315.98,315.815
2025-06-05 10:13:39,344,315.74,334,315.73,1438,315.71,4006,315.7,1,315.69,150,315.68,36,315.67,241,315.66,1506,315.65,2766,315.64,48,315.9,131,315.91,119,315.92,161,315.93,91,315.94,219,315.95,32,315.96,333,315.97,34,315.98,358,315.99,315.82
2025-06-05 10:13:49,556,315.74,221,315.73,34,315.72,1538,315.71,4406,315.7,1,315.69,50,315.68,36,315.67,1,315.66,506,315.65,157,315.88,339,315.89,22,315.9,73,315.91,13,315.92,211,315.93,127,315.94,183,315.95,367,315.96,449,315.97,315.81
2025-06-05 10:13:59,243,315.71,4040,315.7,35,315.69,84,315.68,186,315.67,101,315.66,206,315.65,1150,315.64,250,315.63,101,315.62,98,315.82,186,315.83,340,315.85,48,315.86,323,315.87,86,315.88,574,315.89,300,315.9,200,315.91,34,315.93,315.765
2025-06-05 10:14:09,3040,315.7,35,315.69,84,315.68,320,315.67,1,315.66,206,315.65,1150,315.64,250,315.63,201,315.62,752,315.61,171,315.82,201,315.83,34,315.84,371,315.85,148,315.86,1,315.87,384,315.88,574,315.89,324,315.9,200,315.91,315.76
2025-06-05 10:14:19,221,315.73,184,315.72,346,315.71,3089,315.7,335,315.69,350,315.68,186,315.67,101,315.66,706,315.65,3114,315.64,251,315.86,75,315.87,64,315.89,240,315.9,50,315.91,159,315.92,303,315.93,382,315.94,1484,315.95,34,315.96,315.795
2025-06-05 10:14:29,284,315.76,334,315.75,541,315.74,221,315.73,34,315.72,219,315.71,3042,315.7,35,315.69,84,315.68,186,315.67,86,315.88,240,315.9,50,315.91,60,315.92,274,315.93,196,315.94,1143,315.95,34,315.96,187,315.97,185,315.98,315.82
2025-06-05 10:14:39,284,315.76,334,315.75,494,315.74,268,315.73,92,315.72,200,315.71,3042,315.7,35,315.69,50,315.68,1186,315.67,11,315.88,75,315.89,50,315.91,60,315.92,514,315.93,185,315.94,1143,315.95,134,315.96,40,315.97,185,315.98,315.82
2025-06-05 10:14:49,584,315.76,334,315.75,45,315.74,268,315.73,34,315.72,122,315.71,3192,315.7,535,315.69,1050,315.68,186,315.67,231,315.9,175,315.91,11,315.92,34,315.93,195,315.94,1134,315.95,34,315.96,90,315.97,209,315.98,243,315.99,315.83
2025-06-05 10:14:59,585,315.78,335,315.77,231,315.76,34,315.75,45,315.74,221,315.73,64,315.72,1122,315.71,3292,315.7,501,315.69,125,315.93,45,315.94,34,315.95,265,315.96,450,315.97,59,315.98,34,315.99,84,316.0,84,316.01,1039,316.02,315.855
2025-06-05 10:15:09,636,315.83,151,315.82,8,315.81,734,315.8,36,315.79,1135,315.78,35,315.77,34,315.76,99,315.75,1145,315.74,144,315.95,162,315.96,44,315.97,35,315.98,194,315.99,84,316.0,84,316.01,148,316.02,184,316.03,72,316.04,315.89
2025-06-05 10:15:19,91,315.75,557,315.74,521,315.73,434,315.72,122,315.71,4192,315.7,82,315.69,84,315.68,636,315.67,1001,315.66,243,315.88,110,315.89,132,315.9,531,315.91,107,315.92,215,315.93,98,315.94,132,315.95,97,315.96,90,315.97,315.815
2025-06-05 10:15:29,3142,315.7,35,315.69,84,315.68,70,315.67,232,315.66,240,315.65,684,315.64,1350,315.63,1,315.62,252,315.61,272,315.85,295,315.86,150,315.87,181,315.88,488,315.89,397,315.9,234,315.91,60,315.92,97,315.93,1098,315.94,315.775
2025-06-05 10:15:39,35,315.69,84,315.68,270,315.67,35,315.66,240,315.65,184,315.64,284,315.63,35,315.62,786,315.61,843,315.6,119,315.81,272,315.82,8,315.83,629,315.84,184,315.85,418,315.86,1484,315.87,34,315.88,34,315.89,34,315.9,315.75
2025-06-05 10:15:50,35,315.66,240,315.65,134,315.64,284,315.63,451,315.62,586,315.61,796,315.6,286,315.59,1041,315.58,613,315.57,14,315.78,233,315.79,275,315.8,100,315.81,84,315.82,192,315.83,338,315.84,417,315.85,94,315.86,1334,315.87,315.72
2025-06-05 10:16:00,384,315.63,35,315.62,532,315.61,1096,315.6,486,315.59,1041,315.58,147,315.57,1249,315.56,427,315.55,500,315.54,319,315.76,47,315.78,284,315.79,134,315.8,184,315.81,324,315.82,294,315.83,94,315.84,358,315.85,334,315.86,315.695
2025-06-05 10:16:10,35,315.62,385,315.61,1096,315.6,486,315.59,41,315.58,195,315.57,1249,315.56,461,315.55,581,315.54,202,315.53,315,315.76,205,315.77,134,315.78,284,315.79,982,315.8,184,315.81,87,315.82,144,315.83,94,315.84,358,315.85,315.69
2025-06-05 10:16:20,250,315.63,35,315.62,585,315.61,1076,315.6,486,315.59,41,315.58,195,315.57,1249,315.56,461,315.55,581,315.54,47,315.75,290,315.76,284,315.77,134,315.78,284,315.79,982,315.8,244,315.81,87,315.82,144,315.83,66,315.84,315.69
2025-06-05 10:16:30,356,315.65,334,315.64,734,315.63,40,315.62,485,315.61,771,315.6,136,315.59,88,315.58,209,315.57,1249,315.56,165,315.79,1292,315.8,34,315.81,84,315.82,35,315.83,134,315.84,94,315.85,184,315.86,1034,315.87,143,315.88,315.72
2025-06-05 10:16:41,351,315.69,50,315.68,520,315.67,335,315.66,240,315.65,274,315.64,331,315.63,40,315.62,485,315.61,771,315.6,998,315.8,25,315.81,84,315.82,35,315.83,34,315.84,34,315.85,193,315.86,1134,315.87,34,315.88,34,315.89,315.745
2025-06-05 10:16:51,34,315.75,217,315.74,247,315.73,34,315.72,1065,315.71,4042,315.7,135,315.69,84,315.68,220,315.67,3442,315.66,34,315.91,128,315.92,34,315.93,138,315.94,34,315.95,165,315.96,234,315.97,35,315.98,143,315.99,388,316.0,315.83000000000004
2025-06-05 10:17:01,161,315.69,50,315.68,436,315.67,301,315.66,240,315.65,1034,315.64,434,315.63,206,315.62,985,315.61,871,315.6,18,315.81,141,315.82,141,315.83,34,315.84,134,315.85,209,315.86,220,315.87,434,315.88,23756,315.89,134,315.9,315.75
2025-06-05 10:17:11,299,315.66,306,315.65,334,315.64,734,315.63,40,315.62,485,315.61,871,315.6,350,315.59,1541,315.58,100,315.57,88,315.79,289,315.8,81,315.81,334,315.82,134,315.83,34,315.84,187,315.85,412,315.86,1184,315.87,117,315.88,315.725
2025-06-05 10:17:21,36,315.67,241,315.66,366,315.65,334,315.64,734,315.63,40,315.62,485,315.61,871,315.6,303,315.59,1541,315.58,70,315.78,251,315.79,81,315.8,34,315.81,234,315.82,134,315.83,34,315.84,356,315.85,334,315.86,1184,315.87,315.725
2025-06-05 10:17:31,246,315.67,1,315.66,206,315.65,334,315.64,734,315.63,40,315.62,485,315.61,871,315.6,303,315.59,1541,315.58,5,315.79,414,315.8,34,315.81,234,315.82,34,315.83,34,315.84,95,315.85,535,315.86,1034,315.87,117,315.88,315.73
2025-06-05 10:17:41,1,315.66,206,315.65,284,315.63,158,315.62,885,315.61,1072,315.6,186,315.59,1541,315.58,147,315.57,1249,315.56,548,315.78,141,315.79,134,315.8,66,315.81,384,315.82,34,315.83,292,315.84,38,315.85,432,315.86,1334,315.87,315.72
2025-06-05 10:17:51,202,315.53,365,315.52,300,315.51,1572,315.5,61,315.49,41,315.48,49,315.47,334,315.46,143,315.45,1034,315.44,1133,315.64,1066,315.65,134,315.66,313,315.67,34,315.68,184,315.69,334,315.7,334,315.71,34,315.72,184,315.73,315.585
2025-06-05 10:18:01,1472,315.5,61,315.49,65,315.48,38,315.47,334,315.46,437,315.45,1334,315.44,184,315.43,601,315.42,2784,315.41,1004,315.61,100,315.62,81,315.63,186,315.64,1184,315.65,34,315.66,184,315.67,34,315.68,37,315.69,334,315.7,315.555
2025-06-05 10:18:11,1472,315.5,61,315.49,31,315.48,40,315.47,334,315.46,351,315.45,1334,315.44,194,315.43,193,315.42,2784,315.41,942,315.61,76,315.62,181,315.63,326,315.64,1284,315.65,34,315.66,184,315.67,34,315.68,37,315.69,34,315.7,315.555
2025-06-05 10:18:21,1572,315.5,51,315.49,215,315.48,40,315.47,234,315.46,361,315.45,1334,315.44,284,315.43,136,315.42,2784,315.41,593,315.61,42,315.62,81,315.63,146,315.64,1034,315.65,34,315.66,134,315.67,34,315.68,37,315.69,34,315.7,315.555
2025-06-05 10:18:31,1622,315.5,85,315.49,215,315.48,274,315.47,234,315.46,424,315.45,1334,315.44,331,315.43,1089,315.42,2635,315.41,434,315.61,42,315.62,193,315.64,34,315.65,34,315.66,34,315.67,34,315.68,37,315.69,134,315.7,543,315.71,315.555
2025-06-05 10:18:41,1,315.59,157,315.58,450,315.57,803,315.56,57,315.55,274,315.54,235,315.53,52,315.52,460,315.51,2016,315.5,546,315.7,29,315.71,1184,315.73,134,315.74,34,315.75,34,315.76,34,315.77,143,315.78,40,315.79,176,315.8,315.645
2025-06-05 10:18:51,157,315.58,438,315.57,303,315.56,57,315.55,574,315.54,345,315.53,177,315.52,359,315.51,2006,315.5,85,315.49,542,315.7,29,315.71,1084,315.73,234,315.74,34,315.75,34,315.76,34,315.77,143,315.78,364,315.79,476,315.8,315.64
2025-06-05 10:19:01,101,315.59,191,315.58,450,315.57,349,315.56,67,315.55,34,315.54,1062,315.53,52,315.52,235,315.51,1506,315.5,1034,315.73,124,315.74,81,315.75,134,315.76,134,315.77,34,315.78,40,315.79,285,315.8,184,315.81,508,315.82,315.65999999999997
2025-06-05 10:19:11,1532,315.5,51,315.49,131,315.48,450,315.47,310,315.46,190,315.45,1534,315.44,249,315.43,1189,315.42,2530,315.41,381,315.65,209,315.66,135,315.67,272,315.68,437,315.69,23621,315.7,34,315.71,334,315.72,1384,315.73,34,315.74,315.575
2025-06-05 10:19:21,306,315.52,895,315.51,1572,315.5,51,315.49,88,315.48,285,315.47,1134,315.46,51,315.45,1534,315.44,2279,315.43,13,315.67,130,315.68,454,315.69,23670,315.7,81,315.71,37,315.72,1084,315.73,34,315.74,184,315.75,243,315.76,315.595
2025-06-05 10:19:31,536,315.55,334,315.54,571,315.53,452,315.52,375,315.51,1506,315.5,85,315.49,565,315.48,150,315.47,149,315.45,209,315.69,240,315.7,34,315.72,1084,315.73,34,315.74,137,315.75,167,315.76,134,315.77,81,315.78,190,315.79,315.62
2025-06-05 10:19:41,107,315.58,300,315.57,96,315.56,61,315.55,334,315.54,335,315.53,352,315.52,875,315.51,1509,315.5,185,315.49,27,315.71,233,315.72,1084,315.73,34,315.74,92,315.75,234,315.76,34,315.77,193,315.78,214,315.79,578,315.8,315.645
2025-06-05 10:19:51,184,315.63,646,315.62,271,315.61,1039,315.6,345,315.59,41,315.58,150,315.57,587,315.56,551,315.55,2106,315.54,449,315.78,40,315.79,278,315.8,134,315.81,84,315.82,1034,315.83,81,315.84,143,315.85,568,315.86,334,315.87,315.705
2025-06-05 10:20:01,550,315.57,499,315.56,56,315.55,34,315.54,1135,315.53,739,315.52,1251,315.51,1475,315.5,69,315.49,3412,315.48,396,315.74,175,315.75,34,315.76,184,315.77,101,315.78,190,315.79,387,315.8,81,315.81,84,315.82,1334,315.83,315.655
2025-06-05 10:20:11,1475,315.5,51,315.49,570,315.48,334,315.47,1034,315.46,154,315.45,3115,315.44,684,315.43,54,315.42,145,315.41,902,315.64,34,315.65,434,315.66,134,315.67,134,315.68,254,315.69,23188,315.7,234,315.71,34,315.72,84,315.73,315.57
2025-06-05 10:20:21,449,315.51,1590,315.5,51,315.49,31,315.48,345,315.47,1134,315.46,510,315.45,1334,315.44,684,315.43,54,315.42,34,315.62,295,315.63,240,315.64,34,315.65,34,315.66,284,315.67,337,315.68,414,315.69,23441,315.7,383,315.71,315.565
2025-06-05 10:20:31,1551,315.53,18,315.52,101,315.51,1671,315.5,85,315.49,65,315.48,34,315.47,134,315.46,314,315.45,1034,315.44,167,315.66,84,315.67,394,315.68,117,315.69,23141,315.7,83,315.71,81,315.72,84,315.73,37,315.74,165,315.75,315.595
2025-06-05 10:20:41,301,315.53,165,315.52,186,315.51,1524,315.5,245,315.49,65,315.48,534,315.47,1034,315.46,200,315.45,1034,315.44,34,315.66,115,315.67,273,315.68,217,315.69,23531,315.7,83,315.71,184,315.72,131,315.73,37,315.74,165,315.75,315.595
2025-06-05 10:20:51,167,315.55,35,315.53,564,315.52,311,315.51,1535,315.5,335,315.49,65,315.48,534,315.47,2034,315.46,200,315.45,500,315.67,34,315.68,81,315.69,20232,315.7,83,315.71,34,315.72,131,315.73,146,315.74,189,315.75,1134,315.76,315.61
2025-06-05 10:21:01,416,315.58,566,315.57,15,315.56,51,315.55,91,315.54,264,315.53,1052,315.52,135,315.51,2025,315.5,1335,315.49,18705,315.7,92,315.71,34,315.72,352,315.73,143,315.74,225,315.75,81,315.76,37,315.77,134,315.78,40,315.79,315.64
2025-06-05 10:21:11,463,315.57,49,315.56,51,315.55,44,315.54,135,315.53,52,315.52,282,315.51,2025,315.5,1335,315.49,65,315.48,18762,315.7,34,315.71,119,315.72,327,315.73,143,315.74,109,315.75,34,315.76,37,315.77,35,315.78,87,315.79,315.635
2025-06-05 10:21:21,463,315.58,416,315.57,49,315.56,51,315.55,44,315.54,135,315.53,52,315.52,282,315.51,2029,315.5,1335,315.49,18257,315.7,34,315.71,77,315.72,365,315.73,143,315.74,109,315.75,34,315.76,37,315.77,35,315.78,87,315.79,315.64
2025-06-05 10:21:31,151,315.59,197,315.58,150,315.57,49,315.56,51,315.55,145,315.54,1135,315.53,52,315.52,154,315.51,2029,315.5,11000,315.7,277,315.72,84,315.73,143,315.74,109,315.75,34,315.76,37,315.77,35,315.78,40,315.79,278,315.8,315.645
2025-06-05 10:21:41,135,315.59,150,315.58,150,315.57,199,315.56,51,315.55,285,315.54,1045,315.53,52,315.52,236,315.51,2029,315.5,10705,315.7,277,315.72,50,315.73,143,315.74,109,315.75,34,315.76,137,315.77,35,315.78,100,315.79,279,315.8,315.645
2025-06-05 10:21:51,535,315.59,150,315.58,150,315.57,199,315.56,51,315.55,34,315.54,45,315.53,52,315.52,351,315.51,2029,315.5,11572,315.7,377,315.72,50,315.73,109,315.74,109,315.75,34,315.76,97,315.77,35,315.78,190,315.79,279,315.8,315.645
2025-06-05 10:22:01,335,315.59,150,315.58,150,315.57,199,315.56,51,315.55,44,315.54,135,315.53,110,315.52,351,315.51,2029,315.5,11039,315.7,377,315.72,50,315.73,109,315.74,109,315.75,34,315.76,197,315.77,35,315.78,190,315.79,279,315.8,315.645
2025-06-05 10:22:12,450,315.58,150,315.57,49,315.56,51,315.55,294,315.54,35,315.53,202,315.52,379,315.51,2029,315.5,1051,315.49,10102,315.7,277,315.72,50,315.73,143,315.74,359,315.75,34,315.76,247,315.77,35,315.78,40,315.79,379,315.8,315.64
2025-06-05 10:22:22,150,315.58,240,315.57,349,315.56,351,315.55,294,315.54,35,315.53,202,315.52,379,315.51,2029,315.5,1051,315.49,9977,315.7,277,315.72,50,315.73,243,315.74,109,315.75,34,315.76,37,315.77,95,315.78,40,315.79,379,315.8,315.64
2025-06-05 10:22:32,150,315.58,150,315.57,349,315.56,351,315.55,294,315.54,35,315.53,202,315.52,384,315.51,2029,315.5,1051,315.49,9739,315.7,277,315.72,150,315.73,143,315.74,109,315.75,34,315.76,137,315.77,185,315.78,100,315.79,39,315.8,315.64
2025-06-05 10:22:42,1335,315.59,150,315.58,150,315.57,49,315.56,51,315.55,294,315.54,1,315.53,168,315.52,1125,315.51,1995,315.5,5512,315.7,277,315.72,50,315.73,109,315.74,75,315.75,3,315.77,35,315.78,40,315.79,39,315.8,134,315.81,315.645
2025-06-05 10:22:52,107,315.71,100,315.7,338,315.69,1,315.68,150,315.66,62,315.65,1109,315.64,500,315.63,550,315.62,30,315.61,1039,315.82,5,315.84,150,315.85,5,315.86,212,315.9,74,315.91,380,315.92,57,315.94,35,315.96,134,315.97,315.765
2025-06-05 10:23:02,34,315.71,137,315.7,65,315.69,1000,315.67,160,315.66,4,315.65,165,315.64,500,315.63,350,315.62,30,315.61,843,315.82,150,315.85,5,315.86,112,315.9,160,315.91,220,315.92,91,315.94,104,315.95,136,315.96,102,315.97,315.765
2025-06-05 10:23:12,34,315.71,187,315.7,31,315.69,260,315.66,152,315.65,1000,315.64,500,315.63,350,315.62,30,315.61,376,315.6,1125,315.82,150,315.85,5,315.86,112,315.9,360,315.91,250,315.92,60,315.93,91,315.94,44,315.95,36,315.96,315.765
2025-06-05 10:23:22,34,315.71,227,315.7,19,315.69,169,315.66,1104,315.65,500,315.63,250,315.62,30,315.61,409,315.6,59,315.59,801,315.82,150,315.85,112,315.9,160,315.91,100,315.92,160,315.93,134,315.94,44,315.95,136,315.96,107,315.97,315.765
2025-06-05 10:23:32,37,315.7,153,315.69,34,315.68,334,315.67,450,315.66,14,315.65,500,315.63,250,315.62,297,315.61,391,315.6,2026,315.82,100,315.84,150,315.85,100,315.87,150,315.89,112,315.9,404,315.91,434,315.92,344,315.93,81,315.94,315.76
2025-06-05 10:23:42,134,315.62,430,315.61,691,315.6,451,315.59,1007,315.58,116,315.57,615,315.56,17,315.55,501,315.53,2074,315.52,493,315.76,5,315.78,5,315.79,264,315.8,35,315.81,1514,315.82,210,315.83,174,315.85,334,315.86,334,315.87,315.69
2025-06-05 10:23:52,374,315.62,180,315.61,392,315.6,151,315.59,1007,315.58,226,315.57,815,315.56,317,315.55,501,315.53,2074,315.52,950,315.75,100,315.78,27,315.79,167,315.8,689,315.81,1684,315.82,150,315.83,150,315.85,34,315.86,34,315.87,315.685
2025-06-05 10:24:02,192,315.69,334,315.68,258,315.67,339,315.66,448,315.65,1000,315.64,100,315.62,180,315.61,397,315.6,1,315.59,165,315.81,1300,315.82,100,315.85,169,315.87,103,315.89,171,315.9,384,315.91,334,315.92,241,315.93,34,315.94,315.75
2025-06-05 10:24:12,192,315.69,274,315.68,846,315.67,339,315.66,14,315.65,1000,315.64,110,315.62,780,315.61,387,315.6,1,315.59,226,315.81,1050,315.82,100,315.84,109,315.87,3,315.88,60,315.89,271,315.9,84,315.91,334,315.92,541,315.93,315.75
2025-06-05 10:24:22,342,315.69,334,315.68,334,315.67,5,315.66,264,315.65,1010,315.64,100,315.62,780,315.61,387,315.6,1,315.59,994,315.82,112,315.89,197,315.9,184,315.91,34,315.92,241,315.93,390,315.94,1344,315.95,136,315.96,649,315.97,315.755
2025-06-05 10:24:32,334,315.81,887,315.8,134,315.79,34,315.78,191,315.77,36,315.76,364,315.75,628,315.74,250,315.73,1032,315.72,105,315.94,28,315.95,23,315.96,75,315.97,75,315.98,494,315.99,681,316.0,102,316.01,1139,316.02,45,316.03,315.875
2025-06-05 10:24:42,134,315.79,81,315.78,44,315.77,276,315.76,334,315.75,428,315.74,150,315.73,132,315.72,1500,315.71,755,315.7,13,315.94,28,315.95,106,315.96,15,315.97,283,315.98,614,315.99,852,316.0,399,316.01,1148,316.02,45,316.03,315.865
2025-06-05 10:24:52,422,315.77,184,315.76,187,315.75,362,315.74,630,315.73,432,315.72,1300,315.71,2872,315.7,154,315.69,800,315.67,10,315.9,16,315.92,9,315.93,27,315.94,110,315.95,256,315.96,649,315.97,520,315.98,420,315.99,505,316.0,315.835
2025-06-05 10:25:02,284,315.73,378,315.72,1044,315.71,789,315.7,488,315.69,400,315.68,500,315.67,14,315.65,1,315.64,2356,315.63,4,315.86,102,315.87,20,315.88,92,315.89,227,315.9,120,315.91,5,315.92,58,315.93,1140,315.94,444,315.95,315.795
2025-06-05 10:25:12,34,315.67,134,315.66,1048,315.65,82,315.64,44,315.63,134,315.62,180,315.61,387,315.6,268,315.59,1007,315.58,4,315.78,57,315.79,328,315.8,54,315.81,104,315.82,133,315.83,123,315.84,421,315.85,484,315.86,236,315.87,315.725
2025-06-05 10:25:22,134,315.67,34,315.66,1048,315.65,82,315.64,184,315.63,144,315.62,180,315.61,387,315.6,267,315.59,1007,315.58,60,315.79,274,315.8,54,315.81,104,315.82,105,315.83,91,315.84,421,315.85,593,315.86,336,315.87,184,315.88,315.73
2025-06-05 10:25:32,34,315.66,1048,315.65,35,315.64,284,315.63,191,315.62,180,315.61,372,315.6,261,315.59,1007,315.58,616,315.57,274,315.8,126,315.81,104,315.82,93,315.83,28,315.84,321,315.85,381,315.86,189,315.87,143,315.88,334,315.89,315.73
2025-06-05 10:25:42,38,315.69,34,315.68,44,315.67,81,315.66,1048,315.65,1,315.64,250,315.63,100,315.62,530,315.61,372,315.6,50,315.83,28,315.84,21,315.85,60,315.86,155,315.87,184,315.88,381,315.89,336,315.9,454,315.91,284,315.92,315.76
2025-06-05 10:25:52,790,315.7,38,315.69,274,315.68,481,315.67,344,315.66,1014,315.65,1,315.64,250,315.63,100,315.62,530,315.61,1,315.83,1,315.84,36,315.85,5,315.86,155,315.87,109,315.88,307,315.89,36,315.9,154,315.91,382,315.92,315.765
2025-06-05 10:26:02,340,315.52,2746,315.51,1610,315.5,1051,315.49,196,315.48,300,315.47,300,315.46,116,315.45,300,315.44,1000,315.43,240,315.66,41,315.67,21,315.68,72,315.69,84,315.7,35,315.71,500,315.72,350,315.73,150,315.74,203,315.75,315.59000000000003
2025-06-05 10:26:12,52,315.52,239,315.51,1691,315.5,85,315.49,230,315.48,334,315.47,334,315.46,126,315.45,1000,315.43,1530,315.42,2,315.63,145,315.64,34,315.65,41,315.67,92,315.68,312,315.69,1318,315.7,134,315.71,531,315.72,1384,315.73,315.575
2025-06-05 10:26:22,352,315.52,1386,315.51,1641,315.5,85,315.49,230,315.48,334,315.47,334,315.46,160,315.45,1150,315.43,1530,315.42,240,315.63,194,315.64,23,315.65,113,315.67,269,315.68,37,315.69,1308,315.7,66,315.71,531,315.72,1384,315.73,315.575
2025-06-05 10:26:32,1386,315.51,1494,315.5,432,315.49,530,315.48,34,315.47,34,315.46,150,315.45,1150,315.43,1540,315.42,216,315.41,50,315.62,17,315.63,101,315.64,23,315.65,1,315.66,41,315.67,141,315.68,31,315.69,1158,315.7,81,315.71,315.565
2025-06-05 10:26:42,34,315.46,50,315.45,34,315.44,1160,315.43,1030,315.42,516,315.41,325,315.4,1500,315.39,451,315.38,103,315.36,2,315.6,256,315.61,99,315.62,60,315.63,252,315.64,23,315.65,410,315.66,400,315.67,34,315.68,184,315.69,315.53
2025-06-05 10:26:52,34,315.44,1231,315.43,64,315.42,550,315.41,358,315.4,1,315.39,151,315.38,205,315.36,561,315.35,1024,315.34,24,315.55,100,315.56,11,315.57,345,315.58,132,315.59,1002,315.6,2,315.61,30,315.62,24,315.63,1295,315.64,315.495
2025-06-05 10:27:02,334,315.44,1484,315.43,64,315.42,216,315.41,24,315.4,11,315.39,151,315.38,103,315.36,551,315.35,1024,315.34,22,315.55,100,315.56,11,315.57,2,315.58,2,315.6,2,315.61,63,315.62,1072,315.63,1261,315.64,35,315.66,315.495
2025-06-05 10:27:12,34,315.44,1184,315.43,64,315.42,550,315.41,324,315.4,11,315.39,151,315.38,240,315.37,203,315.36,551,315.35,292,315.55,100,315.56,11,315.57,2,315.58,2,315.6,134,315.61,3,315.62,1000,315.63,1260,315.64,184,315.65,315.495
2025-06-05 10:27:22,34,315.44,1231,315.43,64,315.42,550,315.41,358,315.4,1,315.39,161,315.38,103,315.36,551,315.35,1024,315.34,290,315.55,100,315.56,11,315.57,2,315.58,102,315.6,2,315.61,315,315.62,1060,315.63,1194,315.64,284,315.65,315.495
2025-06-05 10:27:32,92,315.44,1231,315.43,64,315.42,550,315.41,358,315.4,35,315.39,161,315.38,103,315.36,551,315.35,1024,315.34,272,315.55,100,315.56,11,315.57,102,315.58,2,315.6,62,315.61,339,315.62,1000,315.63,1194,315.64,331,315.65,315.495
2025-06-05 10:27:42,73,315.45,92,315.44,1184,315.43,411,315.42,550,315.41,48,315.4,11,315.39,151,315.38,240,315.37,203,315.36,100,315.56,11,315.57,2,315.58,2,315.6,2,315.61,315,315.62,1107,315.63,1160,315.64,134,315.65,35,315.66,315.505
2025-06-05 10:27:52,34,315.47,34,315.46,50,315.45,92,315.44,1484,315.43,364,315.42,516,315.41,71,315.4,151,315.38,240,315.37,5,315.58,77,315.59,66,315.6,100,315.61,359,315.62,1084,315.63,1160,315.64,35,315.66,34,315.67,34,315.68,315.525
2025-06-05 10:28:02,2119,315.5,386,315.49,91,315.48,34,315.47,34,315.46,116,315.45,1150,315.43,530,315.42,216,315.41,2033,315.4,1000,315.63,59,315.64,60,315.68,1160,315.7,1081,315.71,134,315.72,184,315.73,34,315.74,34,315.75,334,315.76,315.565
2025-06-05 10:28:12,386,315.49,344,315.48,184,315.47,34,315.46,150,315.45,240,315.44,1160,315.43,530,315.42,4483,315.41,15,315.4,5,315.64,54,315.65,58,315.68,34,315.69,204,315.7,1034,315.71,184,315.72,231,315.73,443,315.74,334,315.75,315.565
2025-06-05 10:28:22,1717,315.51,1819,315.5,386,315.49,344,315.48,184,315.47,34,315.46,150,315.45,240,315.44,1160,315.43,530,315.42,3,315.64,53,315.65,75,315.68,70,315.69,209,315.7,1134,315.71,293,315.72,131,315.73,334,315.74,334,315.75,315.575
2025-06-05 10:28:32,1819,315.5,86,315.49,91,315.48,184,315.47,344,315.46,450,315.45,34,315.44,1184,315.43,530,315.42,1416,315.41,107,315.63,53,315.64,41,315.65,58,315.66,34,315.67,183,315.68,134,315.69,305,315.7,1381,315.71,508,315.72,315.565
2025-06-05 10:28:42,1939,315.5,86,315.49,44,315.48,231,315.47,334,315.46,460,315.45,34,315.44,1184,315.43,564,315.42,1150,315.41,7,315.62,54,315.63,221,315.64,283,315.65,234,315.66,433,315.67,501,315.68,281,315.69,505,315.7,1334,315.71,315.56
2025-06-05 10:28:52,1386,315.51,2239,315.5,386,315.49,91,315.48,184,315.47,44,315.46,150,315.45,34,315.44,1184,315.43,564,315.42,61,315.63,221,315.64,275,315.65,234,315.66,494,315.67,234,315.68,384,315.69,355,315.7,1034,315.71,205,315.72,315.57
2025-06-05 10:29:02,533,315.49,44,315.48,184,315.47,34,315.46,50,315.45,34,315.44,1184,315.43,574,315.42,1268,315.41,1015,315.4,941,315.63,321,315.64,275,315.65,294,315.66,334,315.67,384,315.68,234,315.69,355,315.7,1081,315.71,134,315.72,315.56
2025-06-05 10:29:12,486,315.49,44,315.48,184,315.47,44,315.46,50,315.45,34,315.44,1184,315.43,564,315.42,1234,315.41,1015,315.4,477,315.63,228,315.64,200,315.65,234,315.66,234,315.67,294,315.68,234,315.69,455,315.7,1134,315.71,34,315.72,315.56
2025-06-05 10:29:22,2129,315.5,486,315.49,44,315.48,184,315.47,44,315.46,50,315.45,306,315.44,1034,315.43,564,315.42,1234,315.41,476,315.63,228,315.64,200,315.65,234,315.66,234,315.67,294,315.68,234,315.69,355,315.7,1134,315.71,34,315.72,315.565
2025-06-05 10:29:32,145,315.54,170,315.53,89,315.52,1420,315.51,1829,315.5,196,315.49,1044,315.48,1184,315.47,34,315.46,534,315.45,109,315.66,409,315.67,200,315.68,200,315.69,246,315.7,34,315.71,34,315.72,253,315.73,34,315.74,37,315.75,315.6
2025-06-05 10:29:42,184,315.59,35,315.58,134,315.57,1291,315.56,1151,315.55,421,315.54,2125,315.53,113,315.52,1536,315.51,2313,315.5,100,315.77,350,315.78,80,315.79,46,315.8,34,315.81,84,315.82,34,315.83,82,315.84,334,315.85,234,315.86,315.67999999999995
2025-06-05 10:29:52,143,315.59,35,315.58,546,315.57,2291,315.56,1203,315.55,145,315.54,170,315.53,55,315.52,3475,315.51,2445,315.5,210,315.76,43,315.77,184,315.78,134,315.79,246,315.8,281,315.81,434,315.82,234,315.83,235,315.84,534,315.85,315.67499999999995
2025-06-05 10:30:03,2581,315.56,485,315.55,120,315.54,2203,315.53,30,315.52,1386,315.51,1977,315.5,52,315.49,1810,315.48,256,315.45,102,315.72,221,315.73,86,315.74,40,315.75,101,315.76,34,315.77,184,315.78,69,315.79,280,315.8,643,315.81,315.64
2025-06-05 10:30:13,258,315.64,1231,315.63,59,315.62,360,315.61,334,315.6,134,315.59,35,315.58,534,315.57,3305,315.56,251,315.55,700,315.77,248,315.78,100,315.79,36,315.8,94,315.81,84,315.82,143,315.83,38,315.84,381,315.85,634,315.86,315.705
2025-06-05 10:30:23,359,315.58,334,315.57,1581,315.56,185,315.55,1120,315.54,545,315.53,30,315.52,136,315.51,1977,315.5,52,315.49,175,315.72,356,315.73,58,315.75,200,315.76,884,315.77,234,315.78,384,315.79,379,315.8,281,315.81,584,315.82,315.65
2025-06-05 10:30:33,1861,315.5,86,315.49,44,315.48,1034,315.47,484,315.46,350,315.45,100,315.44,1500,315.43,180,315.42,117,315.41,542,315.63,63,315.64,16,315.68,60,315.69,334,315.7,384,315.71,534,315.72,734,315.73,390,315.74,234,315.75,315.565
2025-06-05 10:30:43,34,315.47,184,315.46,134,315.45,614,315.44,1034,315.43,180,315.42,117,315.41,1014,315.4,500,315.39,451,315.38,2,315.59,266,315.6,101,315.63,50,315.64,300,315.65,433,315.66,94,315.67,150,315.68,184,315.69,1234,315.7,315.53
2025-06-05 10:30:53,134,315.47,184,315.46,50,315.45,374,315.44,1034,315.43,180,315.42,210,315.41,1014,315.4,500,315.39,451,315.38,1,315.59,366,315.6,1,315.63,50,315.64,300,315.65,469,315.66,184,315.67,350,315.68,384,315.69,1234,315.7,315.53
2025-06-05 10:31:03,1861,315.5,242,315.49,44,315.48,66,315.47,184,315.46,350,315.45,434,315.44,1034,315.43,180,315.42,117,315.41,11,315.63,400,315.64,169,315.66,34,315.67,237,315.68,234,315.69,1534,315.7,681,315.71,234,315.72,284,315.73,315.565
2025-06-05 10:31:13,184,315.46,50,315.45,134,315.44,1034,315.43,214,315.42,417,315.41,1314,315.4,500,315.39,451,315.38,62,315.37,179,315.6,260,315.61,100,315.62,61,315.63,50,315.64,59,315.66,434,315.67,833,315.68,234,315.69,1281,315.7,315.53
2025-06-05 10:31:23,34,315.46,50,315.45,134,315.44,1034,315.43,214,315.42,151,315.41,1048,315.4,500,315.39,451,315.38,66,315.37,375,315.58,12,315.59,239,315.6,1,315.63,353,315.64,334,315.65,384,315.66,158,315.67,533,315.68,281,315.69,315.52
2025-06-05 10:31:33,139,315.25,34,315.24,180,315.23,605,315.22,234,315.21,1423,315.2,332,315.19,1150,315.18,3,315.17,150,315.16,1032,315.36,50,315.37,60,315.43,34,315.44,593,315.45,384,315.46,184,315.47,134,315.48,81,315.49,534,315.5,315.305
2025-06-05 10:31:43,34,315.19,184,315.18,337,315.17,484,315.16,315,315.15,51,315.14,150,315.13,150,315.12,1955,315.11,284,315.1,1001,315.32,35,315.33,494,315.35,29,315.36,50,315.37,34,315.39,34,315.4,37,315.41,143,315.42,484,315.43,315.255
2025-06-05 10:31:53,134,315.09,538,315.08,709,315.07,304,315.06,1103,315.05,2,315.03,201,315.02,170,315.01,1978,315.0,15,314.99,1002,315.22,4,315.24,60,315.26,200,315.27,150,315.28,109,315.29,464,315.3,184,315.31,550,315.32,566,315.33,315.155
2025-06-05 10:32:03,538,315.08,409,315.07,4,315.06,1103,315.05,101,315.04,2,315.03,201,315.02,1810,315.01,1878,315.0,2236,314.99,1184,315.23,4,315.24,60,315.25,350,315.28,150,315.29,549,315.3,231,315.31,150,315.32,269,315.33,34,315.34,315.155
2025-06-05 10:32:13,409,315.07,38,315.06,1103,315.05,1,315.04,102,315.03,201,315.02,1810,315.01,1878,315.0,115,314.99,1150,314.98,1008,315.22,246,315.23,4,315.24,100,315.25,60,315.26,7,315.27,350,315.28,259,315.29,34,315.3,274,315.31,315.145
2025-06-05 10:32:23,509,315.07,38,315.06,1103,315.05,1,315.04,102,315.03,211,315.02,800,315.01,2378,315.0,15,314.99,1150,314.98,305,315.22,246,315.23,164,315.24,7,315.27,250,315.28,109,315.29,34,315.3,274,315.31,125,315.32,369,315.33,315.145
2025-06-05 10:32:33,418,315.1,634,315.09,538,315.08,309,315.07,38,315.06,1103,315.05,1,315.04,1,315.03,335,315.02,900,315.01,202,315.22,246,315.23,4,315.24,100,315.26,1,315.27,50,315.28,175,315.29,234,315.3,274,315.31,50,315.32,315.16
2025-06-05 10:32:43,59,315.07,438,315.06,1437,315.05,285,315.04,35,315.03,245,315.02,934,315.01,1368,315.0,15,314.99,1200,314.98,1554,315.18,50,315.19,105,315.22,306,315.23,105,315.24,150,315.25,34,315.26,35,315.27,343,315.28,34,315.29,315.125
2025-06-05 10:32:53,59,315.07,438,315.06,1437,315.05,185,315.04,35,315.03,195,315.02,934,315.01,1369,315.0,15,314.99,1200,314.98,1501,315.18,50,315.19,105,315.22,306,315.23,105,315.24,150,315.25,34,315.26,35,315.27,343,315.28,34,315.29,315.125
2025-06-05 10:33:03,38,315.06,203,315.05,151,315.04,1,315.03,369,315.02,900,315.01,1369,315.0,1015,314.99,2200,314.98,650,314.97,615,315.17,521,315.18,50,315.19,200,315.22,5,315.24,109,315.25,60,315.26,1,315.27,50,315.28,1000,315.29,315.115
2025-06-05 10:33:13,185,315.04,499,315.03,583,315.02,1100,315.01,1469,315.0,15,314.99,2200,314.98,650,314.97,68,314.96,504,314.95,972,315.17,546,315.18,50,315.19,164,315.2,20,315.22,1,315.24,359,315.25,485,315.27,384,315.28,1034,315.29,315.105
2025-06-05 10:33:23,38,315.06,137,315.05,185,315.04,35,315.03,523,315.02,800,315.01,1469,315.0,15,314.99,2200,314.98,650,314.97,939,315.17,547,315.18,150,315.19,4,315.2,20,315.22,60,315.23,1,315.24,359,315.25,185,315.27,84,315.28,315.115
2025-06-05 10:33:33,1115,315.01,1869,315.0,115,314.99,2200,314.98,50,314.96,1004,314.95,174,314.93,100,314.92,3127,314.91,488,314.9,578,315.14,4,315.15,163,315.17,647,315.18,110,315.19,109,315.21,20,315.22,1,315.24,6,315.25,334,315.26,315.075
2025-06-05 10:33:43,181,314.99,2000,314.98,350,314.96,804,314.95,156,314.93,100,314.92,58,314.91,488,314.9,579,314.89,318,314.88,675,315.1,4,315.11,199,315.14,60,315.16,163,315.17,547,315.18,50,315.19,409,315.21,570,315.22,34,315.23,315.045
2025-06-05 10:33:53,2234,314.98,350,314.96,804,314.95,156,314.93,100,314.92,488,314.9,500,314.89,318,314.88,214,314.87,1000,314.86,803,315.1,54,315.11,60,315.13,99,315.14,6,315.16,83,315.17,656,315.18,50,315.19,400,315.21,504,315.22,315.04
2025-06-05 10:34:03,334,314.96,804,314.95,240,314.94,156,314.93,100,314.92,488,314.9,372,314.88,1750,314.87,2058,314.86,44,314.85,146,315.09,210,315.1,50,315.11,100,315.12,60,315.13,99,315.14,109,315.16,6,315.17,547,315.18,150,315.19,315.025
2025-06-05 10:34:13,334,314.94,190,314.93,100,314.92,240,314.91,488,314.9,250,314.87,2000,314.86,107,314.85,811,314.84,11,314.83,276,315.08,146,315.09,290,315.1,50,315.11,1,315.12,99,315.14,109,315.15,86,315.17,681,315.18,84,315.19,315.01
2025-06-05 10:34:23,34,314.94,156,314.93,100,314.92,298,314.91,488,314.9,150,314.87,2000,314.86,59,314.85,2869,314.84,11,314.83,244,315.08,246,315.09,190,315.1,50,315.11,1,315.12,99,315.14,109,315.15,6,315.17,581,315.18,84,315.19,315.01
2025-06-05 10:34:33,190,314.93,34,314.92,300,314.91,788,314.9,300,314.89,150,314.87,1100,314.86,71,314.85,811,314.84,1010,314.83,39,315.06,332,315.08,146,315.09,130,315.1,50,315.11,6,315.12,109,315.13,99,315.14,80,315.15,334,315.16,314.995
2025-06-05 10:34:43,275,314.81,1434,314.8,351,314.79,400,314.78,450,314.77,1001,314.76,54,314.75,480,314.73,282,314.72,1501,314.71,160,314.96,68,314.97,123,314.99,674,315.0,159,315.01,300,315.03,932,315.04,34,315.05,1199,315.06,34,315.07,314.885
2025-06-05 10:34:53,468,314.82,190,314.81,1400,314.8,1,314.79,100,314.78,87,314.77,1201,314.76,54,314.75,240,314.74,3718,314.73,26,314.96,11,314.97,6,314.98,102,314.99,664,315.0,150,315.01,6,315.03,508,315.04,143,315.05,1199,315.06,314.89
2025-06-05 10:35:03,40,314.93,143,314.92,100,314.91,434,314.9,33,314.88,332,314.87,1000,314.86,139,314.85,511,314.84,160,314.83,295,315.04,15,315.06,172,315.08,130,315.1,110,315.11,1000,315.13,99,315.14,243,315.16,134,315.17,581,315.18,314.985
2025-06-05 10:35:13,400,315.03,334,315.02,393,315.01,5002,315.0,110,314.99,1,314.97,1000,314.96,300,314.95,1000,314.93,500,314.92,47,315.14,547,315.18,50,315.19,100,315.2,60,315.21,214,315.22,22,315.24,500,315.25,34,315.26,1035,315.27,315.085
2025-06-05 10:35:23,334,315.05,87,315.03,256,315.02,393,315.01,5076,315.0,260,314.99,1,314.97,2518,314.96,300,314.95,2078,314.94,389,315.18,50,315.19,100,315.2,5,315.22,9,315.24,669,315.25,1001,315.27,150,315.28,166,315.29,284,315.3,315.115
2025-06-05 10:35:33,34,315.05,34,315.04,134,315.03,216,315.02,100,315.01,5076,315.0,160,314.99,1,314.97,2500,314.96,150,314.95,359,315.18,50,315.19,105,315.22,9,315.24,509,315.25,134,315.26,1195,315.27,84,315.28,66,315.29,287,315.3,315.115
2025-06-05 10:35:43,334,315.05,334,315.04,134,315.03,184,315.02,220,315.01,5076,315.0,160,314.99,59,314.97,2500,314.96,150,314.95,351,315.18,50,315.19,100,315.2,205,315.22,47,315.24,469,315.25,234,315.26,1135,315.27,84,315.28,92,315.29,315.115
2025-06-05 10:35:53,134,315.03,184,315.02,348,315.01,5095,315.0,160,314.99,100,314.98,241,314.97,2500,314.96,150,314.95,2097,314.94,650,315.18,50,315.19,158,315.21,415,315.22,191,315.24,443,315.25,234,315.26,1035,315.27,84,315.28,34,315.29,315.105
2025-06-05 10:36:03,434,315.03,484,315.02,38,315.01,5096,315.0,150,314.99,100,314.98,1,314.97,1500,314.96,2074,314.94,1000,314.93,362,315.18,50,315.19,100,315.2,100,315.21,205,315.22,210,315.23,115,315.24,409,315.25,258,315.26,1035,315.27,315.105
2025-06-05 10:36:13,34,315.04,34,315.03,260,315.02,473,315.01,5116,315.0,150,314.99,100,314.98,241,314.97,2500,314.96,2074,314.94,379,315.18,50,315.19,118,315.21,205,315.22,57,315.24,509,315.25,334,315.26,1035,315.27,234,315.28,234,315.29,315.11
2025-06-05 10:36:23,484,315.06,34,315.05,34,315.04,34,315.03,134,315.02,233,315.01,5105,315.0,150,314.99,100,314.98,1,314.97,232,315.18,50,315.19,5,315.22,200,315.23,9,315.24,469,315.25,234,315.26,1035,315.27,284,315.28,34,315.29,315.12
2025-06-05 10:36:33,334,315.05,354,315.04,34,315.03,216,315.02,523,315.01,5105,315.0,150,314.99,100,314.98,1,314.97,2500,314.96,259,315.18,50,315.19,5,315.22,200,315.23,77,315.24,509,315.25,234,315.26,1035,315.27,184,315.28,34,315.29,315.115
2025-06-05 10:36:43,605,315.08,334,315.07,434,315.06,52,315.04,1150,315.03,131,315.01,5606,315.0,150,314.99,100,314.98,2056,314.97,100,315.23,3,315.24,32,315.25,213,315.26,93,315.28,609,315.29,61,315.3,334,315.31,35,315.32,1834,315.33,315.155
2025-06-05 10:36:53,184,315.14,334,315.13,334,315.12,34,315.11,145,315.1,1034,315.09,1,315.08,650,315.07,100,315.06,1046,315.04,6,315.28,16,315.29,75,315.3,54,315.31,496,315.32,500,315.33,37,315.34,737,315.35,265,315.36,184,315.37,315.21
2025-06-05 10:37:03,334,315.16,371,315.15,134,315.14,34,315.13,34,315.12,189,315.11,511,315.1,1000,315.09,1,315.08,1150,315.07,102,315.3,181,315.31,200,315.32,500,315.33,160,315.34,434,315.35,71,315.36,493,315.37,34,315.38,34,315.39,315.23
2025-06-05 10:37:13,335,315.17,334,315.16,209,315.15,134,315.14,34,315.13,147,315.12,242,315.11,511,315.1,1100,315.09,1,315.08,17,315.3,181,315.31,300,315.32,500,315.33,150,315.34,468,315.35,431,315.36,193,315.37,35,315.38,234,315.39,315.235
2025-06-05 10:37:23,431,315.19,212,315.18,335,315.17,334,315.16,59,315.15,134,315.14,34,315.13,66,315.12,242,315.11,511,315.1,35,315.3,181,315.31,300,315.32,500,315.33,210,315.34,468,315.35,265,315.36,193,315.37,73,315.38,234,315.39,315.245
2025-06-05 10:37:33,415,315.18,335,315.17,334,315.16,59,315.15,34,315.14,34,315.13,92,315.12,283,315.11,516,315.1,1100,315.09,181,315.31,200,315.32,500,315.33,568,315.35,425,315.36,193,315.37,41,315.38,234,315.39,1136,315.4,231,315.41,315.245
2025-06-05 10:37:43,35,315.17,334,315.16,359,315.15,134,315.14,34,315.13,66,315.12,293,315.11,550,315.1,1100,315.09,1,315.08,120,315.3,151,315.31,300,315.32,500,315.33,153,315.34,531,315.35,265,315.36,193,315.37,135,315.38,266,315.39,315.235
2025-06-05 10:37:53,143,315.21,334,315.2,334,315.19,265,315.18,35,315.17,1034,315.16,175,315.15,100,315.14,233,315.12,224,315.11,473,315.33,631,315.35,31,315.36,159,315.37,501,315.38,200,315.39,96,315.4,34,315.41,34,315.42,34,315.43,315.27
2025-06-05 10:38:03,184,315.22,201,315.21,334,315.2,334,315.19,265,315.18,259,315.17,1000,315.16,175,315.15,214,315.14,500,315.13,332,315.35,31,315.36,356,315.37,301,315.38,202,315.4,194,315.41,234,315.42,34,315.43,170,315.44,582,315.45,315.285
2025-06-05 10:38:13,82,315.23,34,315.22,143,315.21,34,315.2,34,315.19,351,315.18,1243,315.17,1000,315.16,175,315.15,100,315.14,155,315.35,31,315.36,356,315.37,1,315.38,202,315.4,234,315.42,40,315.43,336,315.44,360,315.45,1335,315.46,315.29
2025-06-05 10:38:23,135,315.24,45,315.23,109,315.21,150,315.2,58,315.19,317,315.18,1048,315.17,1000,315.16,175,315.15,18,315.14,145,315.35,31,315.36,356,315.37,1,315.38,47,315.39,202,315.4,100,315.41,200,315.42,18,315.43,502,315.44,315.295
2025-06-05 10:38:33,435,315.24,335,315.23,34,315.22,143,315.21,184,315.2,76,315.19,265,315.18,52,315.17,1000,315.16,193,315.15,177,315.35,31,315.36,159,315.37,197,315.38,100,315.39,202,315.4,132,315.41,384,315.42,158,315.43,534,315.44,315.295
2025-06-05 10:38:43,34,315.21,184,315.2,66,315.19,275,315.18,4,315.17,1000,315.16,175,315.15,1000,315.14,500,315.13,49,315.12,197,315.34,158,315.35,31,315.36,50,315.37,58,315.39,202,315.4,215,315.41,544,315.42,43,315.43,534,315.44,315.275
2025-06-05 10:38:53,34,315.21,184,315.2,66,315.19,265,315.18,93,315.17,1000,315.16,175,315.15,1000,315.14,500,315.13,2,315.12,155,315.34,111,315.35,31,315.36,250,315.37,301,315.39,362,315.4,296,315.41,234,315.42,34,315.43,92,315.44,315.275
2025-06-05 10:39:03,34,315.22,66,315.21,484,315.2,334,315.19,312,315.18,45,315.17,1000,315.16,175,315.15,500,315.13,104,315.12,153,315.34,111,315.35,31,315.36,350,315.37,301,315.39,249,315.4,209,315.41,234,315.42,34,315.43,134,315.44,315.28
2025-06-05 10:39:13,275,315.23,134,315.22,274,315.21,484,315.2,381,315.19,165,315.18,45,315.17,1000,315.16,175,315.15,500,315.13,269,315.34,111,315.35,31,315.36,250,315.37,90,315.38,361,315.39,302,315.4,299,315.41,334,315.42,81,315.43,315.28499999999997
2025-06-05 10:39:23,35,315.23,274,315.22,213,315.21,484,315.2,334,315.19,165,315.18,45,315.17,1100,315.16,175,315.15,500,315.13,268,315.34,111,315.35,31,315.36,250,315.37,58,315.38,401,315.39,262,315.4,399,315.41,234,315.42,81,315.43,315.28499999999997
2025-06-05 10:39:33,95,315.23,34,315.22,134,315.21,34,315.2,134,315.19,212,315.18,185,315.17,134,315.16,216,315.15,284,315.14,655,315.34,111,315.35,91,315.36,250,315.37,134,315.38,609,315.39,1536,315.4,646,315.41,234,315.42,34,315.43,315.28499999999997
2025-06-05 10:39:43,274,315.18,232,315.17,34,315.16,209,315.15,76,315.14,133,315.13,664,315.12,534,315.11,1026,315.1,1000,315.09,58,315.31,300,315.32,166,315.33,129,315.34,146,315.35,365,315.36,384,315.37,243,315.38,556,315.39,1036,315.4,315.245
2025-06-05 10:39:53,81,315.21,94,315.2,562,315.19,629,315.18,485,315.17,410,315.16,5025,315.15,10,315.13,102,315.12,500,315.11,1,315.33,129,315.34,111,315.35,31,315.36,150,315.37,6,315.38,301,315.39,1062,315.4,143,315.41,334,315.42,315.27
2025-06-05 10:40:03,34,315.21,34,315.2,322,315.19,355,315.18,252,315.17,1100,315.16,5335,315.15,300,315.14,10,315.13,2,315.12,1,315.33,157,315.34,111,315.35,31,315.36,50,315.37,301,315.39,502,315.4,409,315.41,60,315.42,34,315.43,315.27
2025-06-05 10:40:13,134,315.21,239,315.2,472,315.19,629,315.18,183,315.17,193,315.16,5035,315.15,10,315.13,242,315.12,650,315.11,100,315.33,74,315.34,111,315.35,31,315.36,50,315.37,300,315.38,701,315.39,1302,315.4,319,315.41,34,315.42,315.27
2025-06-05 10:40:23,81,315.21,224,315.2,472,315.19,389,315.18,185,315.17,480,315.16,5035,315.15,10,315.13,342,315.12,650,315.11,74,315.34,212,315.35,31,315.36,50,315.37,160,315.38,751,315.39,1302,315.4,293,315.41,81,315.42,34,315.43,315.275
2025-06-05 10:40:34,143,315.22,81,315.21,34,315.2,472,315.19,389,315.18,35,315.17,440,315.16,5025,315.15,10,315.13,342,315.12,69,315.34,262,315.35,31,315.36,150,315.37,607,315.39,1302,315.4,203,315.41,181,315.42,34,315.43,34,315.44,315.28
2025-06-05 10:40:44,35,315.24,185,315.23,143,315.22,81,315.21,34,315.2,472,315.19,399,315.18,515,315.17,185,315.16,5025,315.15,229,315.35,131,315.36,50,315.37,601,315.39,1302,315.4,203,315.41,181,315.42,34,315.43,40,315.44,185,315.45,315.295
2025-06-05 10:40:54,34,315.2,472,315.19,436,315.18,275,315.17,219,315.16,5035,315.15,500,315.14,10,315.13,2,315.12,150,315.11,1,315.32,269,315.33,148,315.34,79,315.35,331,315.36,350,315.37,256,315.38,361,315.39,1210,315.4,143,315.41,315.26
2025-06-05 10:41:04,134,315.21,34,315.2,519,315.19,389,315.18,275,315.17,229,315.16,5025,315.15,500,315.14,10,315.13,2,315.12,170,315.33,48,315.34,79,315.35,331,315.36,350,315.37,350,315.38,307,315.39,1270,315.4,143,315.41,81,315.42,315.27
2025-06-05 10:41:14,293,315.22,34,315.21,34,315.2,519,315.19,389,315.18,36,315.17,229,315.16,5025,315.15,500,315.14,10,315.13,318,315.33,78,315.35,31,315.36,50,315.37,307,315.39,1336,315.4,443,315.41,241,315.42,134,315.43,34,315.44,315.275
2025-06-05 10:41:24,185,315.24,35,315.23,293,315.22,34,315.21,81,315.2,322,315.19,389,315.18,419,315.17,398,315.16,5025,315.15,78,315.35,31,315.36,50,315.37,301,315.39,1302,315.4,443,315.41,81,315.42,34,315.43,194,315.44,185,315.45,315.295
2025-06-05 10:41:34,82,315.25,285,315.24,335,315.23,334,315.22,34,315.21,100,315.2,355,315.18,142,315.17,1388,315.16,5175,315.15,33,315.36,50,315.37,1,315.39,2,315.4,115,315.43,25,315.44,335,315.45,1232,315.46,94,315.47,522,315.48,315.305
2025-06-05 10:41:44,334,315.26,1045,315.25,135,315.24,35,315.23,18,315.21,1100,315.2,150,315.19,641,315.18,2,315.17,5175,315.15,1,315.39,2,315.4,116,315.45,351,315.46,334,315.47,222,315.48,127,315.49,5097,315.5,34,315.51,165,315.52,315.325
2025-06-05 10:41:54,1112,315.33,486,315.32,40,315.31,1765,315.3,36,315.29,146,315.28,34,315.27,534,315.26,1035,315.25,1135,315.24,38,315.46,400,315.47,222,315.48,35,315.49,5146,315.5,34,315.51,125,315.52,40,315.53,284,315.54,1133,315.55,315.395
2025-06-05 10:42:04,387,315.31,1715,315.3,146,315.29,36,315.28,34,315.27,684,315.26,1035,315.25,1035,315.24,285,315.23,2114,315.22,438,315.46,222,315.48,361,315.49,5146,315.5,34,315.51,125,315.52,87,315.53,184,315.54,1086,315.55,34,315.56,315.385
2025-06-05 10:42:14,593,315.34,82,315.33,186,315.32,40,315.31,1645,315.3,36,315.29,136,315.28,1034,315.27,684,315.26,1035,315.25,88,315.47,188,315.48,113,315.49,5146,315.5,34,315.51,65,315.52,34,315.53,247,315.54,1186,315.55,81,315.56,315.405
2025-06-05 10:42:24,293,315.34,259,315.33,233,315.32,350,315.31,1935,315.3,36,315.29,136,315.28,34,315.27,684,315.26,1035,315.25,64,315.47,310,315.48,113,315.49,5146,315.5,34,315.51,65,315.52,34,315.53,97,315.54,1233,315.55,34,315.56,315.405
2025-06-05 10:42:34,325,315.35,593,315.34,382,315.33,196,315.32,40,315.31,1635,315.3,536,315.29,136,315.28,34,315.27,184,315.26,284,315.48,413,315.49,5146,315.5,34,315.51,65,315.52,34,315.53,40,315.54,1233,315.55,34,315.56,60,315.57,315.415
2025-06-05 10:42:44,335,315.33,46,315.32,40,315.31,1635,315.3,536,315.29,286,315.28,34,315.27,184,315.26,1035,315.25,3098,315.24,279,315.48,413,315.49,5146,315.5,284,315.51,65,315.52,34,315.53,64,315.54,1086,315.55,94,315.56,36,315.57,315.405
2025-06-05 10:42:54,323,315.33,286,315.32,340,315.31,1935,315.3,583,315.29,36,315.28,34,315.27,184,315.26,1135,315.25,2098,315.24,395,315.48,563,315.49,5146,315.5,184,315.51,112,315.52,58,315.53,100,315.54,1086,315.55,334,315.56,336,315.57,315.405
2025-06-05 10:43:04,35,315.25,82,315.24,45,315.23,374,315.22,34,315.21,34,315.2,184,315.19,641,315.18,138,315.17,1000,315.16,123,315.38,442,315.39,100,315.4,1,315.41,509,315.42,341,315.43,244,315.44,81,315.45,157,315.46,1158,315.47,315.315
2025-06-05 10:43:14,274,315.21,334,315.2,184,315.19,441,315.18,429,315.17,1010,315.16,7863,315.15,300,315.14,2,315.12,100,315.11,100,315.4,109,315.41,257,315.42,358,315.43,484,315.44,81,315.45,173,315.46,1134,315.47,206,315.48,613,315.49,315.30499999999995
2025-06-05 10:43:24,34,315.22,556,315.21,334,315.2,250,315.19,441,315.18,494,315.17,1000,315.16,7863,315.15,300,315.14,2,315.12,1,315.37,1,315.39,127,315.41,350,315.42,300,315.43,400,315.44,141,315.45,336,315.46,1034,315.47,206,315.48,315.295
2025-06-05 10:43:34,234,315.17,334,315.16,5059,315.15,34,315.14,44,315.13,2,315.12,600,315.11,1126,315.1,1,315.08,168,315.07,1823,315.3,1000,315.33,510,315.34,300,315.35,150,315.36,193,315.37,34,315.38,274,315.39,181,315.4,34,315.41,315.235
2025-06-05 10:43:44,39,315.11,1026,315.1,150,315.09,11,315.08,450,315.07,300,315.06,391,315.04,1110,315.03,500,315.02,548,315.01,123,315.28,388,315.29,1622,315.3,156,315.32,1409,315.33,510,315.34,58,315.35,134,315.36,84,315.37,34,315.38,315.195
2025-06-05 10:43:54,5059,315.15,35,315.14,334,315.13,436,315.12,5,315.11,1026,315.1,160,315.09,601,315.08,150,315.07,2069,315.05,96,315.29,2114,315.3,1150,315.33,169,315.35,40,315.36,84,315.37,508,315.38,381,315.39,134,315.4,34,315.41,315.22
2025-06-05 10:44:04,160,315.1,150,315.09,301,315.08,450,315.07,10,315.06,155,315.04,730,315.03,500,315.02,653,315.01,1224,315.0,2,315.23,12,315.24,1,315.25,1024,315.26,100,315.27,150,315.28,6,315.29,2014,315.3,210,315.31,109,315.32,315.165
2025-06-05 10:44:14,5209,315.15,35,315.14,143,315.13,36,315.12,339,315.11,326,315.1,150,315.09,11,315.08,100,315.06,500,315.05,11,315.26,100,315.29,2120,315.3,1060,315.33,100,315.34,24,315.35,334,315.36,384,315.37,184,315.38,234,315.39,315.205
2025-06-05 10:44:24,5184,315.15,35,315.14,143,315.13,36,315.12,305,315.11,426,315.1,150,315.09,11,315.08,100,315.06,500,315.05,119,315.26,50,315.28,2120,315.3,1160,315.33,100,315.34,2,315.35,334,315.36,384,315.37,184,315.38,34,315.39,315.205
2025-06-05 10:44:34,335,315.14,34,315.13,36,315.12,189,315.11,157,315.1,150,315.09,11,315.08,241,315.06,500,315.05,1120,315.04,118,315.26,50,315.28,2071,315.3,1109,315.33,34,315.34,36,315.35,134,315.36,184,315.37,184,315.38,34,315.39,315.2
2025-06-05 10:44:44,584,315.2,34,315.19,675,315.18,91,315.17,3,315.16,150,315.15,101,315.14,247,315.13,1502,315.12,2231,315.11,2,315.35,60,315.36,50,315.37,300,315.4,1243,315.41,58,315.42,134,315.43,34,315.44,34,315.45,431,315.46,315.275
2025-06-05 10:44:54,34,315.24,143,315.23,34,315.22,334,315.21,584,315.2,10,315.19,741,315.18,47,315.17,3,315.16,150,315.15,2,315.35,1109,315.41,60,315.42,34,315.44,189,315.45,484,315.46,334,315.47,806,315.48,310,315.49,5137,315.5,315.295
2025-06-05 10:45:04,343,315.29,434,315.28,334,315.27,317,315.26,5041,315.25,34,315.24,34,315.23,100,315.22,1000,315.21,1750,315.2,234,315.43,124,315.44,110,315.46,334,315.47,494,315.48,375,315.49,6137,315.5,34,315.51,112,315.52,334,315.53,315.36
2025-06-05 10:45:14,34,315.27,35,315.26,5041,315.25,34,315.24,34,315.23,110,315.22,272,315.21,1750,315.2,150,315.19,1741,315.18,28,315.4,13,315.41,135,315.43,124,315.44,360,315.45,150,315.46,371,315.47,303,315.48,322,315.49,6037,315.5,315.335
2025-06-05 10:45:24,1206,315.3,231,315.29,34,315.28,34,315.27,135,315.26,5043,315.25,44,315.24,34,315.23,158,315.22,1000,315.21,20,315.43,50,315.46,334,315.47,308,315.48,322,315.49,6037,315.5,181,315.51,215,315.52,134,315.53,184,315.54,315.365
2025-06-05 10:45:34,274,315.33,295,315.32,1034,315.31,907,315.3,34,315.29,518,315.28,1150,315.27,3241,315.26,5009,315.25,300,315.24,930,315.5,100,315.51,31,315.52,143,315.54,146,315.55,40,315.56,471,315.57,1034,315.58,44,315.59,5038,315.6,315.41499999999996
2025-06-05 10:45:44,34,315.37,34,315.36,332,315.35,1144,315.34,34,315.33,557,315.32,3312,315.31,863,315.3,150,315.27,1014,315.26,46,315.55,34,315.56,36,315.57,322,315.58,397,315.59,5195,315.6,194,315.61,34,315.62,284,315.63,1084,315.64,315.46000000000004
2025-06-05 10:45:54,1034,315.43,34,315.42,92,315.41,1034,315.4,34,315.39,134,315.38,20,315.37,263,315.36,650,315.35,100,315.34,2,315.57,315,315.59,5005,315.6,109,315.62,94,315.63,84,315.64,134,315.65,134,315.66,81,315.67,1244,315.68,315.5
2025-06-05 10:46:04,339,315.44,334,315.43,181,315.42,1034,315.41,44,315.4,184,315.39,734,315.38,34,315.37,32,315.36,1150,315.35,99,315.58,220,315.59,5105,315.6,94,315.61,184,315.62,34,315.63,84,315.64,190,315.65,58,315.66,72,315.67,315.51
2025-06-05 10:46:14,481,315.42,1344,315.41,134,315.4,184,315.39,534,315.38,34,315.37,34,315.36,150,315.35,2212,315.33,272,315.32,277,315.57,100,315.58,247,315.59,5215,315.6,34,315.61,184,315.62,34,315.63,131,315.64,143,315.65,134,315.66,315.495
2025-06-05 10:46:24,134,315.4,231,315.39,534,315.38,34,315.37,34,315.36,150,315.35,2194,315.33,272,315.32,168,315.31,214,315.3,625,315.57,100,315.58,288,315.59,5189,315.6,34,315.61,231,315.62,334,315.63,384,315.64,143,315.65,134,315.66,315.485
2025-06-05 10:46:34,81,315.4,34,315.39,134,315.38,34,315.37,34,315.36,184,315.35,534,315.34,2183,315.33,1010,315.32,150,315.31,649,315.57,212,315.58,281,315.59,5189,315.6,81,315.61,34,315.62,1334,315.63,408,315.64,143,315.65,134,315.66,315.485
2025-06-05 10:46:44,34,315.42,193,315.41,5134,315.4,144,315.39,34,315.38,534,315.37,150,315.35,2183,315.33,1000,315.32,150,315.31,286,315.57,164,315.58,487,315.59,5211,315.6,34,315.61,34,315.62,1443,315.63,431,315.64,34,315.65,134,315.66,315.495
2025-06-05 10:46:54,184,315.42,311,315.41,5334,315.4,344,315.39,34,315.38,600,315.37,150,315.35,2183,315.33,1000,315.32,1150,315.31,23,315.57,74,315.58,362,315.59,5101,315.6,60,315.61,134,315.62,1143,315.63,281,315.64,34,315.65,434,315.66,315.495
2025-06-05 10:47:04,408,315.44,334,315.43,392,315.42,39,315.41,6044,315.4,18,315.38,600,315.37,150,315.35,1000,315.34,2174,315.33,16,315.57,208,315.59,5001,315.6,60,315.62,109,315.63,284,315.64,34,315.65,34,315.66,87,315.67,1548,315.68,315.505
2025-06-05 10:47:14,134,315.43,252,315.42,535,315.41,5044,315.4,150,315.39,600,315.37,150,315.35,240,315.34,3074,315.33,150,315.31,171,315.57,50,315.58,305,315.59,5001,315.6,60,315.61,450,315.62,1409,315.63,108,315.64,34,315.65,134,315.66,315.5
2025-06-05 10:47:24,305,315.43,134,315.42,193,315.41,5034,315.4,184,315.39,240,315.38,600,315.37,150,315.35,240,315.34,3074,315.33,285,315.57,3,315.58,324,315.59,5001,315.6,450,315.62,1469,315.63,108,315.64,34,315.65,181,315.66,72,315.67,315.5
2025-06-05 10:47:34,305,315.43,134,315.42,183,315.41,5044,315.4,184,315.39,240,315.38,600,315.37,150,315.35,240,315.34,3078,315.33,280,315.57,6,315.58,310,315.59,5001,315.6,60,315.61,450,315.62,1443,315.63,84,315.64,34,315.65,181,315.66,315.5
2025-06-05 10:47:44,5081,315.4,134,315.39,34,315.38,34,315.37,300,315.36,460,315.35,1100,315.33,650,315.31,2078,315.3,18,315.28,70,315.54,336,315.55,272,315.56,601,315.57,367,315.58,248,315.59,5159,315.6,334,315.61,381,315.62,1034,315.63,315.47
2025-06-05 10:47:54,263,315.41,5081,315.4,334,315.39,334,315.38,250,315.37,10,315.36,150,315.35,500,315.34,1100,315.33,240,315.32,38,315.54,224,315.55,272,315.56,253,315.57,40,315.58,564,315.59,5118,315.6,100,315.61,81,315.62,1034,315.63,315.475
2025-06-05 10:48:04,34,315.38,284,315.37,10,315.36,250,315.35,500,315.34,1000,315.33,32,315.3,2187,315.29,240,315.28,450,315.27,436,315.53,578,315.54,324,315.55,332,315.56,303,315.57,312,315.58,954,315.59,5418,315.6,105,315.61,134,315.62,315.455
2025-06-05 10:48:14,34,315.38,184,315.37,300,315.36,310,315.35,400,315.34,1000,315.33,32,315.32,650,315.31,100,315.29,18,315.28,22,315.51,10,315.52,74,315.53,38,315.54,224,315.55,272,315.56,213,315.57,299,315.58,698,315.59,5118,315.6,315.445
2025-06-05 10:48:24,34,315.37,100,315.36,150,315.35,110,315.34,1000,315.33,650,315.31,2237,315.27,1014,315.26,109,315.25,18,315.24,175,315.51,56,315.52,74,315.53,658,315.54,284,315.55,416,315.56,456,315.57,465,315.58,498,315.59,5118,315.6,315.44
2025-06-05 10:48:34,134,315.37,34,315.36,160,315.35,1000,315.33,650,315.31,100,315.3,2199,315.27,1014,315.26,109,315.25,18,315.24,174,315.51,596,315.52,74,315.53,658,315.54,384,315.55,272,315.56,456,315.57,466,315.58,546,315.59,5152,315.6,315.44
2025-06-05 10:48:44,34,315.37,334,315.36,160,315.35,1000,315.33,650,315.31,100,315.3,18,315.28,2199,315.27,1014,315.26,9,315.25,406,315.51,56,315.52,346,315.53,188,315.54,284,315.55,422,315.56,456,315.57,466,315.58,556,315.59,5152,315.6,315.44
2025-06-05 10:48:54,34,315.38,134,315.37,234,315.36,160,315.35,1000,315.33,650,315.31,100,315.3,2049,315.29,150,315.27,1014,315.26,89,315.52,124,315.53,138,315.54,324,315.55,272,315.56,459,315.57,573,315.58,259,315.59,5118,315.6,105,315.61,315.45
2025-06-05 10:49:04,34,315.38,34,315.37,160,315.35,100,315.34,200,315.33,500,315.31,100,315.3,100,315.29,2554,315.28,150,315.27,56,315.52,217,315.53,338,315.54,584,315.55,272,315.56,1153,315.57,37,315.58,111,315.59,5118,315.6,81,315.61,315.45
2025-06-05 10:49:14,134,315.37,81,315.36,160,315.35,200,315.33,500,315.31,200,315.29,2242,315.27,2014,315.26,159,315.25,100,315.24,371,315.51,196,315.52,201,315.53,498,315.54,624,315.55,272,315.56,1153,315.57,163,315.58,58,315.59,5152,315.6,315.44
2025-06-05 10:49:24,34,315.37,81,315.36,250,315.35,10,315.32,500,315.31,200,315.29,200,315.28,2224,315.27,2014,315.26,159,315.25,471,315.51,196,315.52,541,315.53,338,315.54,524,315.55,522,315.56,1153,315.57,210,315.58,11,315.59,5176,315.6,315.44
2025-06-05 10:49:34,34,315.34,147,315.33,160,315.31,200,315.29,165,315.28,750,315.27,2014,315.26,209,315.25,2391,315.23,150,315.21,225,315.47,60,315.48,32,315.49,549,315.5,608,315.51,646,315.52,80,315.53,259,315.54,625,315.55,1100,315.56,315.405
2025-06-05 10:49:44,34,315.42,345,315.41,6076,315.4,34,315.39,34,315.38,100,315.37,1018,315.36,10,315.35,100,315.33,500,315.32,100,315.56,1,315.57,3,315.58,147,315.59,5009,315.6,60,315.61,87,315.63,184,315.64,34,315.65,134,315.66,315.49
2025-06-05 10:49:54,489,315.41,5076,315.4,34,315.39,10,315.38,100,315.37,100,315.33,1500,315.32,150,315.31,2109,315.29,241,315.28,98,315.56,81,315.57,291,315.58,247,315.59,5069,315.6,6,315.62,181,315.63,84,315.64,34,315.65,185,315.66,315.485
2025-06-05 10:50:04,593,315.43,381,315.42,39,315.41,5038,315.4,34,315.39,110,315.37,1650,315.35,100,315.33,2118,315.32,150,315.31,94,315.56,1,315.57,3,315.58,214,315.59,5009,315.6,63,315.62,84,315.64,181,315.65,34,315.66,238,315.67,315.495
2025-06-05 10:50:14,593,315.43,381,315.42,39,315.41,5038,315.4,100,315.37,250,315.36,1650,315.35,100,315.33,18,315.32,2250,315.31,1,315.55,98,315.56,1,315.57,3,315.58,194,315.59,5009,315.6,106,315.62,60,315.63,131,315.64,134,315.65,315.49
2025-06-05 10:50:24,443,315.43,334,315.42,165,315.41,5085,315.4,160,315.39,100,315.37,258,315.36,1650,315.35,100,315.33,2100,315.32,98,315.56,1,315.57,3,315.58,194,315.59,5109,315.6,160,315.62,53,315.63,84,315.64,34,315.65,34,315.66,315.495
2025-06-05 10:50:34,184,315.39,34,315.38,147,315.37,10,315.36,650,315.35,300,315.34,300,315.33,150,315.31,240,315.29,119,315.28,94,315.55,98,315.56,10,315.57,531,315.58,600,315.59,5566,315.6,184,315.62,34,315.63,84,315.64,34,315.65,315.47
2025-06-05 10:50:44,443,315.43,334,315.42,279,315.41,5038,315.4,241,315.39,100,315.37,650,315.35,2138,315.32,1150,315.31,101,315.28,68,315.56,51,315.57,153,315.58,194,315.59,5009,315.6,241,315.63,84,315.64,40,315.65,425,315.66,343,315.67,315.495
2025-06-05 10:50:54,5138,315.4,184,315.39,47,315.37,10,315.36,450,315.35,300,315.34,100,315.33,500,315.32,150,315.31,2120,315.3,44,315.53,102,315.54,68,315.55,70,315.56,82,315.57,448,315.58,447,315.59,5309,315.6,474,315.61,34,315.63,315.465
2025-06-05 10:51:04,5138,315.4,184,315.39,34,315.38,160,315.35,47,315.34,100,315.33,500,315.32,150,315.31,267,315.28,2527,315.27,2,315.51,10,315.52,42,315.53,102,315.54,68,315.55,114,315.56,404,315.57,801,315.58,651,315.59,5009,315.6,315.455
2025-06-05 10:51:14,34,315.39,34,315.38,34,315.37,150,315.35,47,315.34,110,315.33,500,315.32,150,315.31,265,315.28,2527,315.27,58,315.51,251,315.52,349,315.53,68,315.55,161,315.56,517,315.57,353,315.58,958,315.59,5009,315.6,184,315.61,315.45
2025-06-05 10:51:24,34,315.37,134,315.36,150,315.35,310,315.32,497,315.31,600,315.29,1,315.28,450,315.27,1013,315.26,227,315.25,50,315.48,21,315.5,151,315.51,11,315.52,79,315.53,449,315.54,762,315.55,135,315.56,501,315.57,350,315.58,315.425
2025-06-05 10:51:34,34,315.36,34,315.35,10,315.32,197,315.31,600,315.29,1,315.28,450,315.27,1013,315.26,227,315.25,2186,315.24,83,315.48,57,315.49,83,315.5,151,315.51,162,315.52,398,315.53,153,315.54,915,315.55,375,315.56,151,315.57,315.42
2025-06-05 10:51:44,234,315.35,207,315.31,600,315.29,1,315.28,450,315.27,1013,315.26,209,315.25,166,315.24,2086,315.23,150,315.21,339,315.47,85,315.48,57,315.49,83,315.5,109,315.51,462,315.52,440,315.53,137,315.54,597,315.55,75,315.56,315.41
2025-06-05 10:51:54,134,315.35,47,315.33,300,315.32,460,315.31,300,315.3,500,315.29,1,315.28,450,315.27,1013,315.26,327,315.25,110,315.47,54,315.48,57,315.49,83,315.5,51,315.51,11,315.52,280,315.53,262,315.54,547,315.55,135,315.56,315.41
2025-06-05 10:52:05,134,315.35,47,315.33,160,315.31,300,315.3,800,315.29,1,315.28,450,315.27,1013,315.26,327,315.25,2052,315.23,142,315.47,54,315.48,57,315.49,83,315.5,151,315.51,11,315.52,280,315.53,322,315.54,747,315.55,375,315.56,315.41
2025-06-05 10:52:15,134,315.35,47,315.34,160,315.31,600,315.29,1,315.28,450,315.27,1013,315.26,227,315.25,155,315.24,2052,315.23,690,315.47,154,315.48,57,315.49,83,315.5,51,315.51,311,315.52,740,315.53,365,315.54,159,315.55,122,315.56,315.41
2025-06-05 10:52:25,134,315.33,197,315.31,300,315.3,300,315.29,11,315.28,150,315.27,1013,315.26,827,315.25,142,315.22,3302,315.21,966,315.45,517,315.46,140,315.47,54,315.48,57,315.49,83,315.5,256,315.51,161,315.52,60,315.53,208,315.54,315.39
2025-06-05 10:52:35,134,315.33,197,315.31,300,315.3,300,315.29,11,315.28,150,315.27,1013,315.26,809,315.25,142,315.22,2295,315.21,965,315.45,517,315.46,240,315.47,54,315.48,57,315.49,83,315.5,216,315.51,161,315.52,255,315.54,459,315.55,315.39
2025-06-05 10:52:45,34,315.33,197,315.31,300,315.3,400,315.29,11,315.28,150,315.27,1013,315.26,809,315.25,134,315.22,3260,315.21,625,315.44,617,315.46,140,315.47,4,315.48,57,315.49,33,315.5,66,315.51,294,315.53,537,315.54,459,315.55,315.385
2025-06-05 10:52:55,109,315.29,1,315.28,150,315.27,23,315.26,109,315.25,701,315.22,297,315.21,655,315.2,1000,315.19,641,315.18,390,315.41,753,315.42,34,315.43,58,315.44,181,315.45,517,315.46,340,315.47,304,315.48,157,315.49,93,315.5,315.35
2025-06-05 10:53:05,156,315.29,1,315.28,150,315.27,13,315.26,119,315.25,10,315.23,701,315.22,297,315.21,655,315.2,1000,315.19,573,315.41,153,315.42,25,315.43,146,315.44,81,315.45,617,315.46,306,315.47,301,315.48,157,315.49,93,315.5,315.35
2025-06-05 10:53:15,156,315.29,1,315.28,150,315.27,13,315.26,119,315.25,42,315.23,701,315.22,297,315.21,655,315.2,1000,315.19,555,315.41,153,315.42,25,315.43,146,315.44,181,315.45,517,315.46,306,315.47,301,315.48,157,315.49,93,315.5,315.35
2025-06-05 10:53:25,156,315.29,1,315.28,150,315.27,13,315.26,119,315.25,32,315.23,701,315.22,297,315.21,755,315.2,1000,315.19,795,315.41,25,315.43,147,315.44,81,315.45,517,315.46,406,315.47,301,315.48,117,315.49,33,315.5,52,315.51,315.35
2025-06-05 10:53:35,156,315.29,1,315.28,150,315.27,13,315.26,119,315.25,42,315.23,201,315.22,297,315.21,1255,315.2,1000,315.19,654,315.41,25,315.43,1,315.44,387,315.45,517,315.46,306,315.47,401,315.48,57,315.49,183,315.5,52,315.51,315.35
2025-06-05 10:53:45,156,315.29,1,315.28,150,315.27,13,315.26,119,315.25,201,315.22,297,315.21,1273,315.2,1000,315.19,641,315.18,597,315.41,25,315.43,147,315.44,231,315.45,517,315.46,366,315.47,401,315.48,207,315.49,33,315.5,52,315.51,315.35
2025-06-05 10:53:55,156,315.29,1,315.28,150,315.27,13,315.26,119,315.25,201,315.22,297,315.21,1273,315.2,1000,315.19,641,315.18,553,315.41,25,315.43,1,315.44,231,315.45,517,315.46,366,315.47,301,315.48,57,315.49,33,315.5,52,315.51,315.35
2025-06-05 10:54:05,300,315.3,509,315.29,1,315.28,150,315.27,13,315.26,119,315.25,201,315.22,279,315.21,2173,315.2,1000,315.19,451,315.41,25,315.43,1,315.44,81,315.45,517,315.46,6,315.47,61,315.48,57,315.49,33,315.5,5,315.51,315.355
2025-06-05 10:54:15,300,315.3,509,315.29,1,315.28,150,315.27,13,315.26,119,315.25,201,315.22,279,315.21,2173,315.2,1000,315.19,458,315.41,25,315.43,1,315.44,81,315.45,517,315.46,6,315.47,61,315.48,57,315.49,33,315.5,5,315.51,315.355
2025-06-05 10:54:25,300,315.3,659,315.29,1,315.28,150,315.27,13,315.26,19,315.25,201,315.22,279,315.21,2173,315.2,1100,315.19,475,315.41,25,315.43,1,315.44,81,315.45,517,315.46,66,315.47,1,315.48,57,315.49,33,315.5,105,315.51,315.355
2025-06-05 10:54:35,300,315.3,559,315.29,1,315.28,150,315.27,13,315.26,19,315.25,100,315.24,201,315.22,280,315.21,2173,315.2,475,315.41,25,315.43,1,315.44,81,315.45,517,315.46,66,315.47,1,315.48,203,315.49,133,315.5,145,315.51,315.355
2025-06-05 10:54:45,1334,315.33,300,315.32,259,315.29,111,315.28,13,315.26,249,315.25,1100,315.24,500,315.23,201,315.22,289,315.21,451,315.44,81,315.45,517,315.46,1,315.48,57,315.49,183,315.5,205,315.51,209,315.53,293,315.54,450,315.55,315.385
2025-06-05 10:54:55,300,315.33,400,315.32,150,315.29,111,315.28,253,315.26,123,315.25,1000,315.24,500,315.23,201,315.22,2247,315.21,531,315.45,517,315.46,1,315.48,157,315.49,33,315.5,5,315.51,66,315.52,109,315.53,293,315.54,350,315.55,315.39
2025-06-05 10:55:05,81,315.33,100,315.31,150,315.29,1,315.28,400,315.27,323,315.26,159,315.25,600,315.23,349,315.22,151,315.21,1050,315.44,81,315.45,517,315.46,1,315.48,57,315.49,33,315.5,174,315.51,306,315.52,574,315.53,593,315.54,315.385
2025-06-05 10:55:15,134,315.33,150,315.29,1,315.28,410,315.27,313,315.26,159,315.25,240,315.24,500,315.23,338,315.22,151,315.21,1011,315.44,81,315.45,517,315.46,1,315.47,101,315.48,57,315.49,33,315.5,279,315.51,456,315.52,300,315.53,315.385
2025-06-05 10:55:25,150,315.29,11,315.28,400,315.27,313,315.26,159,315.25,240,315.24,500,315.23,301,315.22,300,315.21,2739,315.2,988,315.44,81,315.45,517,315.46,101,315.47,1,315.48,117,315.49,33,315.5,119,315.51,306,315.52,300,315.53,315.365
2025-06-05 10:55:35,100,315.33,100,315.32,150,315.29,11,315.28,100,315.27,13,315.26,159,315.25,240,315.24,632,315.23,301,315.22,1725,315.44,81,315.45,517,315.46,1,315.47,1,315.48,417,315.49,333,315.5,219,315.51,156,315.52,5,315.54,315.385
2025-06-05 10:55:45,100,315.33,10,315.31,150,315.29,1,315.28,100,315.27,13,315.26,159,315.25,480,315.24,632,315.23,301,315.22,1578,315.44,81,315.45,517,315.46,101,315.47,61,315.48,357,315.49,342,315.5,219,315.51,6,315.52,5,315.54,315.385
2025-06-05 10:55:55,100,315.33,150,315.29,1,315.28,110,315.27,13,315.26,159,315.25,480,315.24,521,315.23,235,315.22,151,315.21,1577,315.44,81,315.45,517,315.46,101,315.47,61,315.48,357,315.49,342,315.5,219,315.51,6,315.52,5,315.54,315.385
2025-06-05 10:56:05,250,315.29,11,315.28,13,315.26,159,315.25,480,315.24,521,315.23,101,315.22,285,315.21,2782,315.2,1000,315.19,1567,315.44,81,315.45,517,315.46,101,315.47,61,315.48,357,315.49,442,315.5,114,315.51,156,315.52,5,315.54,315.365
2025-06-05 10:56:15,1300,315.3,150,315.29,1,315.28,10,315.27,493,315.26,159,315.25,521,315.23,247,315.22,151,315.21,2782,315.2,1517,315.44,82,315.45,517,315.46,101,315.47,1,315.48,358,315.49,484,315.5,114,315.51,146,315.54,350,315.55,315.37
2025-06-05 10:56:25,100,315.33,240,315.31,1200,315.3,150,315.29,1,315.28,310,315.27,413,315.26,159,315.25,128,315.24,521,315.23,1529,315.44,82,315.45,517,315.46,1,315.47,1,315.48,58,315.49,124,315.5,274,315.51,300,315.52,300,315.53,315.385
2025-06-05 10:56:35,480,315.31,1200,315.3,150,315.29,11,315.28,300,315.27,413,315.26,159,315.25,521,315.23,242,315.22,151,315.21,1515,315.44,82,315.45,517,315.46,1,315.47,1,315.48,58,315.49,124,315.5,274,315.51,300,315.52,300,315.53,315.375
2025-06-05 10:56:45,1300,315.3,150,315.29,11,315.28,113,315.26,159,315.25,58,315.24,500,315.23,1,315.22,307,315.21,2788,315.2,1131,315.44,82,315.45,617,315.46,2,315.47,102,315.48,57,315.49,375,315.5,414,315.51,450,315.52,145,315.54,315.37
2025-06-05 10:56:55,272,315.31,1400,315.3,150,315.29,11,315.28,113,315.26,159,315.25,58,315.24,500,315.23,139,315.22,151,315.21,1292,315.44,82,315.45,517,315.46,462,315.47,302,315.48,57,315.49,15,315.5,138,315.51,150,315.52,145,315.54,315.375
2025-06-05 10:57:05,100,315.33,53,315.32,240,315.31,1300,315.3,150,315.29,11,315.28,32,315.27,113,315.26,159,315.25,116,315.24,1319,315.44,82,315.45,517,315.46,402,315.47,386,315.48,57,315.49,15,315.5,114,315.51,150,315.52,6,315.53,315.385
2025-06-05 10:57:15,47,315.33,6,315.32,480,315.31,1200,315.3,150,315.29,11,315.28,113,315.26,159,315.25,124,315.24,500,315.23,1094,315.44,1,315.45,517,315.46,2,315.47,2,315.48,157,315.49,315,315.5,574,315.51,6,315.53,5,315.54,315.385
2025-06-05 10:57:25,538,315.31,1200,315.3,150,315.29,11,315.28,113,315.26,159,315.25,500,315.23,160,315.22,2051,315.21,755,315.2,15,315.45,717,315.46,2,315.47,2,315.48,415,315.5,414,315.51,60,315.52,6,315.53,105,315.54,350,315.55,315.38
2025-06-05 10:57:35,209,315.35,58,315.31,1200,315.3,160,315.29,1,315.28,240,315.27,353,315.26,159,315.25,166,315.24,500,315.23,473,315.46,252,315.47,2,315.48,1,315.49,115,315.5,114,315.51,60,315.52,300,315.53,405,315.54,374,315.55,315.405
2025-06-05 10:57:45,209,315.35,100,315.33,150,315.32,272,315.31,1210,315.3,150,315.29,1,315.28,240,315.27,230,315.26,159,315.25,471,315.46,252,315.47,102,315.48,1,315.49,175,315.5,114,315.51,300,315.53,455,315.54,374,315.55,73,315.56,315.405
2025-06-05 10:57:55,209,315.35,272,315.33,250,315.32,1210,315.3,150,315.29,1,315.28,538,315.27,113,315.26,159,315.25,157,315.24,765,315.46,2,315.47,2,315.48,61,315.49,120,315.5,414,315.51,300,315.52,300,315.53,155,315.54,374,315.55,315.405
2025-06-05 10:58:05,209,315.35,240,315.33,250,315.32,1210,315.3,150,315.29,1,315.28,113,315.26,159,315.25,157,315.24,500,315.23,738,315.46,3,315.47,2,315.48,101,315.49,20,315.5,414,315.51,360,315.52,300,315.53,5,315.54,374,315.55,315.405
2025-06-05 10:58:15,209,315.35,272,315.33,250,315.32,1210,315.3,150,315.29,1,315.28,100,315.26,159,315.25,58,315.24,628,315.23,736,315.46,3,315.47,2,315.48,101,315.49,20,315.5,414,315.51,360,315.52,300,315.53,5,315.54,374,315.55,315.405
2025-06-05 10:58:25,209,315.35,32,315.33,250,315.32,1210,315.3,150,315.29,1,315.28,240,315.27,100,315.26,159,315.25,136,315.24,735,315.46,3,315.47,2,315.48,101,315.49,20,315.5,414,315.51,384,315.52,300,315.53,155,315.54,350,315.55,315.405
2025-06-05 10:58:35,209,315.35,150,315.32,298,315.31,1200,315.3,10,315.29,1,315.28,100,315.26,159,315.25,634,315.24,500,315.23,476,315.46,3,315.47,2,315.48,1,315.49,120,315.5,414,315.51,384,315.52,300,315.53,105,315.54,350,315.55,315.405
2025-06-05 10:58:45,209,315.35,32,315.33,250,315.32,1200,315.3,10,315.29,1,315.28,100,315.26,159,315.25,166,315.24,500,315.23,470,315.46,3,315.47,2,315.48,1,315.49,120,315.5,474,315.51,300,315.52,300,315.53,255,315.54,350,315.55,315.405
2025-06-05 10:58:55,209,315.35,250,315.32,1200,315.3,310,315.29,301,315.28,100,315.26,159,315.25,21,315.24,647,315.23,151,315.22,471,315.46,3,315.47,2,315.48,3,315.49,220,315.5,174,315.51,6,315.52,288,315.53,455,315.54,650,315.55,315.405
2025-06-05 10:59:05,209,315.35,58,315.33,150,315.32,1210,315.3,300,315.29,301,315.28,100,315.26,159,315.25,136,315.24,500,315.23,454,315.46,3,315.47,2,315.48,3,315.49,20,315.5,114,315.51,106,315.52,448,315.53,305,315.54,650,315.55,315.405
2025-06-05 10:59:15,209,315.35,240,315.34,300,315.33,450,315.32,240,315.31,1310,315.3,1,315.28,121,315.26,159,315.25,300,315.24,439,315.46,3,315.47,2,315.48,3,315.49,20,315.5,114,315.51,6,315.52,60,315.53,293,315.54,450,315.55,315.405
2025-06-05 10:59:25,209,315.35,240,315.34,300,315.33,450,315.32,240,315.31,1310,315.3,1,315.28,121,315.26,159,315.25,300,315.24,437,315.46,3,315.47,2,315.48,3,315.49,20,315.5,114,315.51,6,315.52,200,315.53,293,315.54,550,315.55,315.405
2025-06-05 10:59:35,209,315.35,100,315.34,300,315.33,450,315.32,1210,315.3,150,315.29,1,315.28,120,315.27,1000,315.26,259,315.25,549,315.46,3,315.47,2,315.48,3,315.49,20,315.5,214,315.51,6,315.52,200,315.53,293,315.54,350,315.55,315.405
2025-06-05 10:59:45,209,315.35,58,315.34,300,315.33,450,315.32,1310,315.3,150,315.29,22,315.28,120,315.27,1000,315.26,259,315.25,550,315.46,3,315.47,2,315.48,3,315.49,20,315.5,174,315.51,6,315.52,433,315.54,450,315.55,72,315.56,315.405
2025-06-05 10:59:55,509,315.35,150,315.32,480,315.31,1310,315.3,150,315.29,22,315.28,120,315.27,1000,315.26,259,315.25,300,315.24,563,315.46,3,315.47,2,315.48,3,315.49,20,315.5,114,315.51,66,315.52,433,315.54,350,315.55,72,315.56,315.405
2025-06-05 11:00:05,245,315.41,4516,315.4,1,315.37,110,315.35,100,315.34,450,315.32,500,315.31,1300,315.3,150,315.29,2138,315.28,5,315.54,350,315.55,72,315.56,150,315.57,1,315.58,468,315.59,5136,315.6,100,315.61,197,315.64,34,315.65,315.475
2025-06-05 11:00:15,1334,315.42,245,315.41,4816,315.4,300,315.39,10,315.38,1,315.37,480,315.36,100,315.35,600,315.34,250,315.32,2,315.54,50,315.55,72,315.56,90,315.57,301,315.58,468,315.59,5196,315.6,200,315.61,50,315.64,334,315.65,315.48
2025-06-05 11:00:25,95,315.41,4882,315.4,300,315.39,150,315.38,1,315.37,240,315.36,100,315.35,610,315.34,150,315.32,1000,315.31,2,315.54,50,315.55,72,315.56,90,315.57,401,315.58,272,315.59,5236,315.6,150,315.61,50,315.64,334,315.65,315.475
2025-06-05 11:00:35,1025,315.42,95,315.41,4492,315.4,250,315.38,1,315.37,298,315.36,100,315.35,1600,315.34,2275,315.32,1200,315.3,280,315.56,215,315.57,151,315.58,180,315.59,5087,315.6,109,315.62,100,315.63,50,315.64,34,315.65,81,315.66,315.49
2025-06-05 11:00:45,444,315.45,458,315.44,40,315.43,1025,315.42,61,315.41,4492,315.4,250,315.38,501,315.37,100,315.35,1100,315.34,34,315.57,276,315.58,174,315.59,5027,315.6,109,315.62,56,315.64,160,315.65,58,315.66,184,315.67,1139,315.68,315.51
2025-06-05 11:00:55,184,315.48,168,315.47,361,315.46,144,315.45,573,315.44,530,315.43,1300,315.42,71,315.41,5132,315.4,100,315.39,1427,315.6,100,315.63,150,315.64,294,315.66,300,315.67,468,315.68,649,315.69,5082,315.7,244,315.71,1034,315.72,315.54
2025-06-05 11:01:05,465,315.44,415,315.43,1300,315.42,61,315.41,4632,315.4,110,315.39,501,315.37,150,315.36,1100,315.35,2065,315.33,829,315.57,397,315.6,100,315.63,110,315.64,6,315.65,497,315.66,300,315.67,390,315.68,884,315.69,5082,315.7,315.505
2025-06-05 11:01:15,523,315.44,415,315.43,1300,315.42,61,315.41,4632,315.4,110,315.39,501,315.37,150,315.36,1100,315.35,2065,315.33,828,315.57,397,315.6,50,315.64,49,315.65,557,315.66,400,315.67,305,315.68,884,315.69,5035,315.7,184,315.71,315.505
2025-06-05 11:01:25,35,315.45,301,315.44,306,315.43,1300,315.42,61,315.41,4632,315.4,110,315.39,59,315.37,650,315.36,100,315.35,11,315.59,1377,315.6,60,315.62,53,315.64,209,315.66,382,315.67,593,315.68,484,315.69,5035,315.7,184,315.71,315.52
2025-06-05 11:01:35,481,315.44,164,315.43,1000,315.42,61,315.41,4632,315.4,400,315.39,300,315.38,11,315.37,650,315.36,100,315.35,762,315.55,100,315.57,11,315.59,397,315.6,60,315.61,250,315.62,488,315.64,303,315.65,409,315.66,300,315.67,315.495
2025-06-05 11:01:45,481,315.44,164,315.43,1000,315.42,61,315.41,4632,315.4,400,315.39,300,315.38,11,315.37,650,315.36,100,315.35,761,315.55,292,315.57,11,315.59,397,315.6,60,315.61,250,315.62,488,315.64,303,315.65,409,315.66,300,315.67,315.495
2025-06-05 11:01:55,241,315.44,434,315.43,1000,315.42,61,315.41,4632,315.4,400,315.39,300,315.38,11,315.37,650,315.36,100,315.35,761,315.55,192,315.57,11,315.59,497,315.6,60,315.61,338,315.64,403,315.65,409,315.66,300,315.67,105,315.68,315.495
2025-06-05 11:02:05,241,315.44,434,315.43,1300,315.42,362,315.41,4632,315.4,100,315.39,11,315.37,650,315.36,100,315.35,1000,315.33,735,315.55,192,315.57,11,315.59,497,315.6,60,315.61,50,315.64,103,315.65,462,315.66,600,315.67,305,315.68,315.495
2025-06-05 11:02:15,241,315.44,434,315.43,1300,315.42,362,315.41,4632,315.4,100,315.39,11,315.37,650,315.36,100,315.35,1000,315.33,737,315.55,192,315.57,11,315.59,497,315.6,60,315.61,50,315.64,103,315.65,462,315.66,600,315.67,305,315.68,315.495
2025-06-05 11:02:25,216,315.44,486,315.43,1000,315.42,62,315.41,4632,315.4,400,315.39,310,315.38,1,315.37,650,315.36,100,315.35,729,315.55,192,315.57,11,315.59,397,315.6,60,315.61,200,315.62,150,315.63,350,315.64,303,315.65,397,315.66,315.495
2025-06-05 11:02:35,216,315.44,486,315.43,1000,315.42,62,315.41,4632,315.4,400,315.39,310,315.38,1,315.37,650,315.36,100,315.35,729,315.55,192,315.57,11,315.59,457,315.6,200,315.62,150,315.63,350,315.64,303,315.65,397,315.66,300,315.67,315.495
2025-06-05 11:02:45,101,315.44,114,315.43,1000,315.42,62,315.41,4632,315.4,300,315.39,310,315.38,1,315.37,750,315.36,100,315.35,161,315.55,192,315.57,11,315.59,397,315.6,60,315.62,288,315.63,350,315.64,303,315.65,109,315.66,400,315.67,315.495
2025-06-05 11:02:55,184,315.46,333,315.45,228,315.44,530,315.43,1301,315.42,62,315.41,4632,315.4,10,315.39,1,315.37,750,315.36,73,315.57,75,315.58,397,315.6,60,315.63,50,315.64,3,315.65,397,315.66,65,315.67,445,315.68,1184,315.69,315.515
2025-06-05 11:03:05,34,315.46,275,315.45,333,315.44,147,315.43,1151,315.42,62,315.41,5042,315.4,300,315.39,241,315.37,600,315.36,73,315.57,75,315.58,100,315.59,397,315.6,60,315.62,438,315.64,453,315.65,409,315.66,208,315.68,684,315.69,315.515
2025-06-05 11:03:15,135,315.37,34,315.36,134,315.35,34,315.34,234,315.33,100,315.32,320,315.31,1700,315.3,250,315.29,1,315.28,488,315.51,450,315.52,300,315.53,182,315.54,1382,315.55,100,315.56,1960,315.57,143,315.58,37,315.59,431,315.6,315.44
2025-06-05 11:03:25,34,315.34,234,315.33,134,315.32,310,315.31,1200,315.3,150,315.29,123,315.28,500,315.27,2000,315.26,9,315.25,32,315.48,220,315.49,321,315.5,213,315.51,300,315.52,453,315.53,322,315.54,1409,315.55,34,315.56,1810,315.57,315.40999999999997
2025-06-05 11:03:35,134,315.32,344,315.31,1210,315.3,150,315.29,134,315.28,801,315.27,2300,315.26,9,315.25,300,315.24,2216,315.23,35,315.47,180,315.48,246,315.5,566,315.51,366,315.52,450,315.53,282,315.54,1309,315.55,34,315.56,1910,315.57,315.395
2025-06-05 11:03:45,134,315.32,344,315.31,1200,315.3,160,315.29,134,315.28,801,315.27,2300,315.26,9,315.25,300,315.24,2216,315.23,36,315.47,275,315.48,1,315.49,147,315.5,446,315.51,366,315.52,450,315.53,282,315.54,1309,315.55,57,315.56,315.395
2025-06-05 11:03:55,134,315.32,444,315.31,1200,315.3,150,315.29,11,315.28,233,315.27,2200,315.26,9,315.25,800,315.24,100,315.23,109,315.44,473,315.45,50,315.46,1,315.47,267,315.49,213,315.5,312,315.51,450,315.52,317,315.54,1193,315.55,315.38
2025-06-05 11:04:05,35,315.28,35,315.27,1000,315.26,159,315.25,400,315.23,1,315.22,650,315.21,355,315.2,165,315.19,941,315.18,899,315.41,1007,315.42,60,315.44,498,315.45,350,315.46,1,315.47,150,315.48,101,315.49,260,315.5,46,315.51,315.345
2025-06-05 11:04:16,80,315.17,37,315.16,81,315.15,35,315.14,104,315.13,134,315.12,39,315.11,234,315.1,324,315.09,251,315.08,1143,315.31,150,315.32,450,315.34,334,315.35,81,315.36,324,315.37,1034,315.38,145,315.39,243,315.4,309,315.41,315.24
2025-06-05 11:04:26,34,315.06,34,315.05,278,315.04,44,315.03,438,315.02,291,315.01,1240,315.0,134,314.99,31,314.98,503,314.97,1083,315.19,257,315.2,150,315.22,34,315.23,34,315.24,34,315.25,344,315.26,374,315.27,484,315.28,34,315.29,315.125
2025-06-05 11:04:36,66,314.91,1450,314.9,34,314.89,435,314.88,434,314.87,44,314.85,21,314.84,186,314.83,365,314.82,601,314.81,982,315.02,47,315.05,250,315.06,1150,315.08,60,315.09,50,315.1,40,315.11,143,315.12,334,315.13,334,315.14,314.96500000000003
2025-06-05 11:04:46,1552,314.9,34,314.89,35,314.88,81,314.87,260,314.86,376,314.85,1471,314.84,10,314.83,168,314.82,501,314.81,404,315.02,32,315.05,150,315.06,146,315.07,350,315.08,47,315.09,710,315.1,400,315.11,143,315.12,34,315.13,314.96
2025-06-05 11:04:56,134,314.89,35,314.88,34,314.87,81,314.86,378,314.85,1571,314.84,20,314.83,318,314.82,1,314.81,2028,314.8,875,315.01,108,315.02,150,315.05,100,315.06,197,315.07,60,315.08,140,315.09,384,315.1,334,315.11,243,315.12,314.95
2025-06-05 11:05:06,184,314.89,35,314.88,334,314.87,381,314.86,378,314.85,271,314.84,10,314.83,418,314.82,501,314.81,2128,314.8,775,315.01,108,315.02,100,315.05,47,315.08,546,315.09,84,315.1,66,315.11,143,315.12,644,315.13,334,315.14,314.95
2025-06-05 11:05:16,104,314.77,34,314.76,387,314.75,334,314.74,1034,314.73,835,314.72,186,314.71,59,314.7,450,314.69,101,314.68,786,314.91,300,314.92,34,314.94,514,314.95,334,314.96,296,314.97,300,314.98,422,314.99,1216,315.0,384,315.01,314.84000000000003
2025-06-05 11:05:26,76,314.78,144,314.77,34,314.76,537,314.75,334,314.74,1150,314.73,711,314.72,49,314.71,78,314.7,302,314.69,243,314.91,47,314.94,100,314.95,538,314.96,112,314.97,34,314.98,34,314.99,1216,315.0,384,315.01,184,315.02,314.845
2025-06-05 11:05:36,535,314.72,336,314.71,54,314.7,36,314.69,148,314.68,142,314.67,308,314.66,869,314.65,10,314.64,302,314.63,85,314.83,25,314.87,100,314.88,3,314.89,596,314.9,211,314.91,132,314.92,184,314.94,94,314.95,184,314.96,314.775
2025-06-05 11:05:46,36,314.69,235,314.68,76,314.67,411,314.66,1303,314.65,381,314.64,112,314.63,150,314.61,2515,314.6,500,314.59,229,314.81,7,314.82,4,314.83,47,314.86,25,314.87,94,314.88,244,314.89,576,314.9,397,314.91,593,314.92,314.75
2025-06-05 11:05:56,282,314.68,34,314.67,187,314.66,1313,314.65,334,314.64,2,314.63,150,314.61,2515,314.6,600,314.59,500,314.58,108,314.81,7,314.82,4,314.83,115,314.87,750,314.88,81,314.89,184,314.9,497,314.91,443,314.92,334,314.93,314.745
2025-06-05 11:06:06,1236,314.72,336,314.71,401,314.7,36,314.69,245,314.68,34,314.67,153,314.66,869,314.65,2,314.63,2562,314.62,110,314.86,466,314.9,97,314.91,190,314.92,34,314.93,94,314.94,334,314.95,334,314.96,434,314.97,484,314.98,314.79
2025-06-05 11:06:16,1135,314.72,125,314.71,163,314.7,36,314.69,385,314.68,344,314.67,453,314.66,869,314.65,100,314.64,2,314.63,3,314.84,130,314.85,100,314.86,12,314.87,6,314.89,487,314.9,97,314.91,434,314.92,441,314.93,34,314.94,314.78
2025-06-05 11:06:26,1340,314.79,231,314.78,44,314.77,134,314.76,192,314.75,11,314.73,201,314.72,1002,314.71,20,314.7,2,314.69,30,314.9,63,314.91,3,314.94,452,314.96,360,314.97,109,314.98,34,314.99,924,315.0,131,315.01,284,315.02,314.845
2025-06-05 11:06:36,40,314.79,34,314.78,391,314.77,434,314.76,192,314.75,42,314.74,225,314.73,351,314.72,163,314.71,20,314.7,6,314.9,63,314.91,3,314.94,6,314.96,506,314.97,109,314.98,334,314.99,971,315.0,84,315.01,134,315.02,314.845
2025-06-05 11:06:46,144,314.77,34,314.76,500,314.75,184,314.74,35,314.73,432,314.72,302,314.71,320,314.7,2,314.69,611,314.68,2,314.88,133,314.89,62,314.91,520,314.93,197,314.94,544,314.96,434,314.97,143,314.98,334,314.99,924,315.0,314.825
2025-06-05 11:06:56,136,314.71,209,314.7,612,314.69,735,314.68,284,314.67,90,314.66,2369,314.65,150,314.64,2,314.63,28,314.61,16,314.85,446,314.87,150,314.88,80,314.89,150,314.9,62,314.91,134,314.92,50,314.93,524,314.94,334,314.95,314.78
2025-06-05 11:07:06,67,314.73,1244,314.72,136,314.71,112,314.7,533,314.69,701,314.68,10,314.67,6,314.66,1369,314.65,102,314.63,9,314.85,24,314.86,33,314.89,493,314.9,162,314.91,60,314.92,6,314.93,334,314.94,434,314.95,143,314.96,314.79
2025-06-05 11:07:16,134,314.76,92,314.75,34,314.74,365,314.73,1435,314.72,336,314.71,101,314.7,186,314.69,901,314.68,110,314.67,1,314.88,800,314.89,150,314.9,62,314.91,197,314.92,100,314.93,143,314.94,34,314.95,134,314.96,334,314.97,314.82
2025-06-05 11:07:26,284,314.77,593,314.76,392,314.75,76,314.74,82,314.73,1235,314.72,186,314.71,20,314.7,12,314.69,901,314.68,603,314.89,100,314.9,62,314.91,81,314.95,34,314.96,40,314.97,110,314.98,453,314.99,1174,315.0,384,315.01,314.83
2025-06-05 11:07:36,92,314.75,300,314.74,335,314.73,1535,314.72,233,314.71,64,314.7,2,314.69,901,314.68,156,314.66,869,314.65,85,314.88,690,314.89,62,314.91,47,314.92,393,314.94,94,314.95,34,314.96,34,314.97,334,314.98,344,314.99,314.815
2025-06-05 11:07:46,258,314.74,77,314.73,1135,314.72,186,314.71,64,314.7,36,314.69,901,314.68,147,314.67,156,314.66,870,314.65,99,314.88,426,314.89,47,314.9,62,314.91,150,314.92,134,314.93,353,314.94,34,314.95,334,314.96,340,314.97,314.81
2025-06-05 11:07:56,40,314.79,1184,314.78,44,314.77,34,314.76,502,314.75,334,314.74,82,314.73,635,314.72,152,314.71,20,314.7,5,314.93,100,314.94,60,314.95,34,314.96,81,314.97,40,314.98,344,314.99,1583,315.0,384,315.01,34,315.02,314.86
2025-06-05 11:08:06,81,314.76,492,314.75,334,314.74,185,314.73,111,314.72,252,314.71,20,314.7,2,314.69,401,314.68,32,314.67,14,314.89,10,314.92,13,314.93,169,314.97,81,314.98,345,314.99,594,315.0,384,315.01,34,315.02,134,315.03,314.825
2025-06-05 11:08:16,91,314.77,34,314.76,492,314.75,334,314.74,195,314.73,101,314.72,252,314.71,20,314.7,2,314.69,401,314.68,260,314.89,10,314.92,13,314.93,240,314.96,203,314.97,81,314.98,446,314.99,594,315.0,384,315.01,34,315.02,314.83
2025-06-05 11:08:26,381,314.78,344,314.77,34,314.76,192,314.75,151,314.73,111,314.72,2,314.71,20,314.7,326,314.69,401,314.68,315,314.89,10,314.92,4,314.93,178,314.97,46,314.99,45,315.0,131,315.01,154,315.02,334,315.03,584,315.04,314.835
2025-06-05 11:08:36,123,314.78,44,314.77,34,314.76,642,314.75,334,314.74,185,314.73,111,314.72,2,314.71,157,314.7,326,314.69,307,314.89,10,314.92,4,314.93,9,314.95,480,314.96,203,314.97,284,314.98,93,314.99,345,315.0,384,315.01,314.835
2025-06-05 11:08:46,380,314.89,216,314.88,308,314.87,334,314.86,365,314.85,76,314.84,135,314.83,234,314.82,902,314.81,1597,314.8,11,315.0,9,315.04,60,315.05,40,315.07,381,315.08,34,315.09,85,315.1,443,315.11,534,315.12,34,315.13,314.945
