DateTime,BidQty1,BidPrice1,BidQty2,BidPrice2,BidQty3,BidPrice3,BidQty4,BidPrice4,BidQty5,BidPrice5,BidQty6,BidPrice6,BidQty7,BidPrice7,BidQty8,BidPrice8,BidQty9,BidPrice9,BidQty10,BidPrice10,AskQty1,AskPrice1,AskQty2,AskPrice2,AskQty3,AskPrice3,AskQty4,AskPrice4,AskQty5,AskPrice5,AskQty6,AskPrice6,AskQty7,AskPrice7,AskQty8,AskPrice8,AskQty9,AskPrice9,AskQty10,AskPrice10,mid_price
2025-06-04 10:02:38,34,314.44,65,314.43,44,314.42,113,314.41,182,314.4,334,314.39,1334,314.38,110,314.36,150,314.35,240,314.34,1,314.56,100,314.57,13,314.58,128,314.6,400,314.61,344,314.62,416,314.63,89,314.64,434,314.65,684,314.66,314.5
2025-06-04 10:02:48,1,314.24,8,314.23,300,314.22,131,314.21,153,314.2,300,314.19,500,314.18,2,314.17,126,314.16,241,314.15,1,314.35,13,314.36,90,314.38,100,314.39,1000,314.4,100,314.41,6,314.43,450,314.44,310,314.45,150,314.46,314.295
2025-06-04 10:02:58,884,314.3,81,314.29,66,314.28,334,314.27,334,314.26,334,314.25,1,314.24,240,314.23,450,314.22,100,314.21,100,314.46,1011,314.47,194,314.49,81,314.5,40,314.51,334,314.52,366,314.53,184,314.54,94,314.55,34,314.56,314.38
2025-06-04 10:03:08,334,314.22,81,314.21,153,314.2,100,314.19,200,314.18,2,314.17,42,314.16,103,314.15,741,314.14,10,314.13,32,314.35,105,314.36,1,314.37,200,314.38,73,314.39,1000,314.4,405,314.41,460,314.42,60,314.43,197,314.44,314.285
2025-06-04 10:03:18,43,314.24,143,314.23,334,314.22,34,314.21,403,314.2,347,314.19,500,314.18,2,314.17,85,314.16,64,314.15,102,314.36,137,314.37,100,314.39,1047,314.4,105,314.41,210,314.42,304,314.43,600,314.44,543,314.45,34,314.46,314.3
2025-06-04 10:03:28,184,314.25,34,314.24,81,314.23,90,314.21,403,314.2,300,314.19,484,314.18,1002,314.17,111,314.16,741,314.15,175,314.36,5,314.38,173,314.42,467,314.43,550,314.44,347,314.45,109,314.46,1060,314.47,34,314.48,34,314.49,314.305
2025-06-04 10:03:38,184,314.25,100,314.23,78,314.21,603,314.2,800,314.19,150,314.18,1002,314.17,11,314.16,241,314.15,241,314.14,208,314.43,47,314.44,300,314.45,456,314.46,1047,314.47,60,314.48,34,314.49,134,314.5,184,314.51,143,314.52,314.34000000000003
2025-06-04 10:03:48,192,314.26,1184,314.25,334,314.24,834,314.23,34,314.22,34,314.21,303,314.2,100,314.19,161,314.18,2,314.17,234,314.45,547,314.46,184,314.47,34,314.48,334,314.49,451,314.5,329,314.51,34,314.52,274,314.53,517,314.54,314.355
2025-06-04 10:03:58,36,314.17,195,314.16,535,314.15,325,314.14,44,314.13,452,314.12,1120,314.11,22,314.1,1150,314.09,10,314.08,34,314.36,50,314.37,1184,314.38,134,314.39,231,314.4,34,314.41,34,314.42,37,314.43,334,314.44,888,314.45,314.265
2025-06-04 10:04:08,155,314.14,34,314.13,701,314.12,1144,314.11,56,314.1,184,314.09,44,314.08,91,314.07,223,314.06,159,314.05,125,314.32,274,314.33,214,314.34,34,314.35,384,314.36,334,314.37,394,314.38,34,314.39,34,314.4,234,314.41,314.23
2025-06-04 10:04:18,117,314.12,298,314.11,195,314.1,366,314.09,344,314.08,344,314.07,45,314.06,309,314.05,759,314.04,5618,314.03,174,314.24,156,314.25,54,314.26,274,314.27,184,314.28,40,314.29,284,314.3,140,314.31,1054,314.32,143,314.33,314.18
2025-06-04 10:04:28,110,314.16,161,314.15,443,314.14,354,314.13,176,314.12,344,314.11,346,314.1,341,314.09,1054,314.08,54,314.07,17,314.3,54,314.31,34,314.32,81,314.33,34,314.34,108,314.35,334,314.36,434,314.37,1034,314.38,34,314.39,314.23
2025-06-04 10:04:38,44,314.08,54,314.07,345,314.06,828,314.05,759,314.04,5287,314.03,150,314.01,3135,314.0,500,313.99,20,313.96,100,314.24,570,314.25,150,314.26,351,314.27,184,314.28,134,314.29,143,314.3,1334,314.31,334,314.32,81,314.33,314.15999999999997
2025-06-04 10:04:48,101,314.07,239,314.06,149,314.05,784,314.04,5221,314.03,334,314.02,434,314.01,2169,314.0,534,313.99,1650,313.98,100,314.21,15,314.22,274,314.24,184,314.25,328,314.26,394,314.27,684,314.28,1290,314.29,34,314.3,34,314.31,314.14
2025-06-04 10:04:58,34,314.16,575,314.15,385,314.14,34,314.13,434,314.12,34,314.11,56,314.1,400,314.09,1130,314.08,520,314.07,134,314.36,338,314.37,1094,314.38,39,314.39,762,314.4,543,314.41,40,314.42,184,314.43,235,314.44,434,314.45,314.26
2025-06-04 10:05:08,36,314.1,268,314.09,1044,314.08,354,314.07,405,314.06,409,314.05,897,314.04,5037,314.03,150,314.02,1300,314.01,150,314.24,190,314.26,184,314.28,34,314.29,134,314.3,200,314.31,443,314.32,334,314.33,61,314.34,184,314.35,314.17
2025-06-04 10:05:18,559,314.05,1097,314.04,5221,314.03,34,314.02,1450,314.01,1135,314.0,1000,313.98,620,313.96,600,313.95,100,313.92,43,314.2,20,314.21,5,314.22,6,314.24,258,314.25,294,314.26,293,314.27,34,314.28,34,314.29,334,314.3,314.125
2025-06-04 10:05:29,564,314.05,797,314.04,5071,314.03,284,314.02,1300,314.01,1135,314.0,1000,313.97,770,313.96,250,313.95,100,313.92,16,314.23,16,314.24,103,314.25,34,314.26,143,314.27,34,314.28,258,314.29,302,314.3,1484,314.31,434,314.32,314.14
2025-06-04 10:05:39,150,314.73,1150,314.71,100,314.7,160,314.69,300,314.67,300,314.66,188,314.64,900,314.63,32,314.62,150,314.61,1,314.84,12,314.85,240,314.86,181,314.87,175,314.89,90,314.9,298,314.91,300,314.92,410,314.93,100,314.96,314.78499999999997
2025-06-04 10:05:49,34,314.97,334,314.96,506,314.95,434,314.94,152,314.93,1501,314.92,700,314.9,150,314.89,2,314.88,100,314.87,2,315.11,758,315.12,324,315.13,100,315.14,149,315.15,300,315.16,375,315.17,334,315.18,450,315.19,35,315.2,315.04
2025-06-04 10:05:59,178,315.23,230,315.22,150,315.21,300,315.2,1000,315.18,25,315.16,100,315.15,500,315.14,160,315.13,116,315.12,763,315.34,112,315.35,11,315.36,392,315.37,8,315.38,508,315.39,11029,315.4,1,315.42,123,315.43,22,315.45,315.28499999999997
2025-06-04 10:06:09,34,315.46,34,315.45,34,315.44,1064,315.43,584,315.42,334,315.41,1095,315.4,650,315.38,574,315.37,26,315.36,295,315.59,50,315.61,340,315.62,323,315.64,525,315.65,193,315.66,334,315.67,434,315.68,35,315.69,34,315.7,315.525
2025-06-04 10:06:19,334,315.48,145,315.47,634,315.46,535,315.45,434,315.44,1034,315.43,34,315.42,274,315.41,842,315.4,1250,315.38,342,315.64,260,315.65,491,315.66,134,315.67,266,315.68,1035,315.69,219,315.7,268,315.71,36,315.72,843,315.73,315.56
2025-06-04 10:06:29,34,315.43,358,315.42,558,315.41,1576,315.4,334,315.39,150,315.38,240,315.37,500,315.36,601,315.35,10,315.34,500,315.57,6,315.58,119,315.59,150,315.6,1,315.61,312,315.62,309,315.63,656,315.64,4018,315.65,134,315.66,315.5
2025-06-04 10:06:39,170,315.3,334,315.29,1384,315.28,350,315.26,400,315.24,525,315.23,100,315.22,500,315.21,126,315.2,150,315.18,1,315.43,9,315.49,859,315.5,2003,315.51,94,315.52,34,315.53,274,315.54,315,315.55,266,315.56,516,315.57,315.365
2025-06-04 10:06:49,744,315.29,384,315.28,143,315.27,350,315.26,100,315.25,204,315.24,325,315.23,1600,315.22,26,315.2,1,315.19,813,315.4,68,315.42,100,315.43,79,315.47,8,315.48,150,315.49,215,315.5,1967,315.51,34,315.52,1034,315.53,315.345
2025-06-04 10:06:59,34,315.21,180,315.2,131,315.19,250,315.18,320,315.17,1101,315.16,181,315.15,150,315.13,108,315.12,580,315.11,18,315.38,497,315.39,483,315.4,68,315.41,240,315.42,493,315.43,34,315.44,1434,315.45,60,315.46,1034,315.47,315.29499999999996
2025-06-04 10:07:09,81,315.27,38,315.26,34,315.25,141,315.24,322,315.23,34,315.22,184,315.21,626,315.2,1,315.19,600,315.18,1,315.43,300,315.44,1295,315.45,94,315.46,1034,315.47,168,315.48,290,315.49,321,315.5,1717,315.51,34,315.52,315.35
2025-06-04 10:07:19,81,315.32,94,315.31,78,315.3,34,315.29,134,315.28,100,315.27,363,315.26,650,315.25,600,315.24,1000,315.23,333,315.45,16,315.46,300,315.47,100,315.48,3,315.49,299,315.5,1807,315.51,34,315.53,1083,315.54,145,315.55,315.385
2025-06-04 10:07:29,34,315.35,34,315.34,89,315.33,34,315.32,202,315.31,1168,315.3,34,315.29,134,315.28,500,315.27,653,315.25,289,315.49,401,315.5,1758,315.51,34,315.52,42,315.53,1392,315.54,71,315.55,69,315.56,369,315.57,40,315.58,315.42
2025-06-04 10:07:39,294,315.39,725,315.38,34,315.37,35,315.36,34,315.35,3,315.34,8,315.33,600,315.32,150,315.31,1134,315.3,108,315.5,1697,315.51,1002,315.54,2,315.55,43,315.56,444,315.57,6,315.58,160,315.59,181,315.6,66,315.61,315.445
2025-06-04 10:07:49,725,315.38,134,315.37,35,315.36,150,315.35,100,315.34,98,315.33,100,315.32,650,315.31,1134,315.3,500,315.28,165,315.49,30,315.5,1323,315.51,1102,315.54,62,315.55,143,315.56,594,315.57,6,315.58,32,315.59,241,315.6,315.435
2025-06-04 10:07:59,691,315.38,1,315.36,150,315.35,100,315.34,108,315.33,500,315.32,650,315.31,1134,315.3,100,315.26,153,315.25,269,315.49,142,315.5,1430,315.51,1002,315.54,170,315.55,35,315.56,444,315.57,6,315.58,147,315.6,47,315.62,315.435
2025-06-04 10:08:09,691,315.38,1,315.36,150,315.35,100,315.34,140,315.33,800,315.32,992,315.31,2135,315.3,100,315.26,153,315.25,153,315.49,441,315.5,1330,315.51,3,315.52,2,315.54,182,315.55,36,315.56,744,315.57,456,315.58,674,315.6,315.435
2025-06-04 10:08:19,150,315.35,100,315.34,98,315.33,300,315.32,592,315.31,1130,315.3,750,315.26,153,315.25,1400,315.22,150,315.21,27,315.48,829,315.49,313,315.5,1330,315.51,1100,315.53,3,315.54,300,315.55,35,315.56,879,315.57,306,315.58,315.415
2025-06-04 10:08:29,76,315.31,1164,315.3,1034,315.29,81,315.28,150,315.27,200,315.26,513,315.25,300,315.24,500,315.22,527,315.2,698,315.42,369,315.43,200,315.44,301,315.45,423,315.47,8,315.48,667,315.49,415,315.5,1780,315.51,334,315.52,315.365
2025-06-04 10:08:39,576,315.02,1104,315.01,1351,315.0,300,314.99,300,314.98,179,314.95,1005,314.94,500,314.93,155,314.92,100,314.91,326,315.13,1186,315.14,60,315.15,240,315.19,158,315.2,200,315.21,109,315.22,1,315.23,300,315.24,1484,315.25,315.075
2025-06-04 10:08:49,322,315.12,803,315.11,381,315.1,334,315.09,185,315.08,10,315.07,1271,315.06,500,315.05,150,315.04,229,315.03,236,315.26,200,315.28,104,315.31,156,315.32,364,315.33,274,315.34,934,315.35,1334,315.36,34,315.37,534,315.38,315.19
2025-06-04 10:08:59,34,315.15,34,315.14,34,315.13,300,315.12,1006,315.11,300,315.1,400,315.09,151,315.08,10,315.07,1600,315.06,32,315.29,250,315.3,2,315.31,238,315.32,47,315.33,308,315.34,994,315.35,1334,315.36,34,315.37,143,315.38,315.22
2025-06-04 10:09:09,34,315.19,34,315.18,124,315.17,821,315.16,381,315.15,334,315.14,234,315.13,1369,315.12,912,315.11,100,315.09,94,315.32,10,315.33,112,315.34,560,315.35,155,315.37,34,315.38,175,315.39,472,315.4,334,315.41,34,315.42,315.255
2025-06-04 10:09:19,335,315.23,43,315.22,234,315.21,5484,315.2,1381,315.19,334,315.18,134,315.17,150,315.16,47,315.15,500,315.14,375,315.35,167,315.38,143,315.41,89,315.42,34,315.43,72,315.44,174,315.45,434,315.46,434,315.47,66,315.48,315.29
2025-06-04 10:09:29,334,315.28,334,315.27,115,315.26,135,315.25,482,315.24,335,315.23,109,315.22,1600,315.21,5150,315.2,1500,315.19,10,315.44,79,315.45,66,315.47,135,315.48,1220,315.49,1122,315.5,1464,315.51,34,315.52,135,315.53,83,315.54,315.36
2025-06-04 10:09:39,34,315.36,357,315.35,84,315.34,134,315.33,1334,315.32,334,315.31,109,315.29,650,315.28,331,315.26,101,315.25,322,315.49,1089,315.5,1369,315.51,1,315.53,67,315.54,72,315.55,278,315.56,463,315.57,340,315.58,384,315.59,315.425
2025-06-04 10:09:49,334,315.36,69,315.35,39,315.34,384,315.33,334,315.32,584,315.31,5100,315.3,9,315.29,650,315.28,1331,315.26,642,315.49,1089,315.5,1330,315.51,1,315.53,152,315.54,137,315.55,1328,315.56,37,315.57,440,315.58,384,315.59,315.425
2025-06-04 10:09:59,43,315.29,184,315.28,34,315.27,231,315.26,1,315.25,304,315.23,809,315.22,210,315.21,5000,315.2,2075,315.19,308,315.45,100,315.46,533,315.48,985,315.49,2283,315.5,1364,315.51,143,315.52,35,315.53,36,315.54,64,315.55,315.37
2025-06-04 10:10:09,5034,315.2,1109,315.19,381,315.18,300,315.17,1250,315.16,597,315.15,200,315.12,833,315.11,153,315.1,1000,315.09,34,315.32,48,315.33,16,315.34,65,315.37,38,315.38,570,315.39,250,315.4,256,315.41,34,315.42,622,315.43,315.26
2025-06-04 10:10:19,34,315.41,274,315.4,184,315.39,434,315.38,2376,315.37,734,315.36,5435,315.35,240,315.34,501,315.33,1,315.32,749,315.55,36,315.56,333,315.6,434,315.61,443,315.62,99,315.63,34,315.64,81,315.65,383,315.66,6484,315.67,315.48
2025-06-04 10:10:29,34,315.43,34,315.42,353,315.41,190,315.4,1609,315.39,491,315.38,1305,315.37,150,315.36,5035,315.35,100,315.34,1562,315.55,62,315.56,45,315.57,250,315.6,143,315.62,81,315.63,99,315.64,34,315.65,270,315.66,6584,315.67,315.49
2025-06-04 10:10:39,1451,315.42,534,315.41,640,315.4,134,315.39,434,315.38,1305,315.37,650,315.36,5001,315.35,1000,315.33,100,315.32,776,315.55,1,315.57,68,315.58,250,315.6,1100,315.61,109,315.62,34,315.63,134,315.64,34,315.65,1034,315.66,315.485
2025-06-04 10:10:49,335,315.61,434,315.6,332,315.59,315,315.58,1089,315.57,1081,315.56,4210,315.55,36,315.54,684,315.53,1000,315.52,2329,315.75,214,315.76,137,315.77,59,315.78,48,315.79,2413,315.8,112,315.81,143,315.82,34,315.83,268,315.84,315.68
2025-06-04 10:10:59,34,315.67,2503,315.66,584,315.65,334,315.64,134,315.63,534,315.62,185,315.61,500,315.6,101,315.59,200,315.58,10,315.79,961,315.8,130,315.81,50,315.82,100,315.83,43,315.84,175,315.85,162,315.86,3079,315.87,194,315.88,315.73
2025-06-04 10:11:09,165,315.74,139,315.73,523,315.72,1081,315.71,176,315.7,634,315.69,34,315.68,634,315.67,300,315.66,400,315.65,817,315.87,144,315.88,17,315.89,172,315.9,367,315.91,37,315.92,78,315.93,1083,315.94,417,315.95,110,315.96,315.805
2025-06-04 10:11:19,284,315.88,1223,315.87,1393,315.86,102,315.85,236,315.84,285,315.83,43,315.82,600,315.81,254,315.8,245,315.79,2406,316.0,100,316.04,369,316.05,499,316.06,135,316.07,65,316.08,252,316.09,210,316.1,35,316.11,519,316.12,315.94
2025-06-04 10:11:29,34,316.15,1601,316.14,1305,316.13,300,316.12,100,316.11,750,316.08,600,316.07,1567,316.06,225,316.05,300,316.04,4,316.29,245,316.32,72,316.33,447,316.34,273,316.35,224,316.36,317,316.37,38,316.38,252,316.39,336,316.4,316.22
2025-06-04 10:11:39,1028,316.26,334,316.25,334,316.24,284,316.23,100,316.21,500,316.2,150,316.19,2211,316.17,208,316.16,1300,316.15,972,316.41,28,316.42,71,316.43,485,316.44,302,316.45,2500,316.46,51,316.47,96,316.48,208,316.49,843,316.5,316.33500000000004
2025-06-04 10:11:49,34,316.29,34,316.28,190,316.27,1444,316.26,1050,316.25,150,316.23,1100,316.22,240,316.21,800,316.2,1053,316.18,15,316.42,518,316.44,47,316.45,2500,316.46,32,316.47,262,316.48,74,316.49,393,316.5,635,316.52,34,316.53,316.355
2025-06-04 10:11:59,184,316.35,34,316.34,1195,316.33,34,316.32,360,316.31,2025,316.3,600,316.29,500,316.28,40,316.27,1094,316.26,1970,316.46,32,316.47,212,316.48,74,316.49,450,316.5,501,316.52,3,316.54,102,316.55,37,316.56,121,316.57,316.405
2025-06-04 10:12:09,45,316.42,374,316.41,2211,316.4,34,316.39,1000,316.37,291,316.36,825,316.35,500,316.34,1411,316.33,516,316.31,1,316.53,3,316.54,2,316.55,3,316.56,22,316.57,325,316.58,37,316.59,1026,316.6,65,316.61,2,316.62,316.475
2025-06-04 10:12:19,1081,316.37,325,316.36,334,316.35,334,316.34,1048,316.33,500,316.32,976,316.31,1105,316.3,1300,316.28,150,316.27,48,316.49,154,316.5,31,316.51,24,316.52,277,316.53,514,316.54,34,316.55,264,316.56,276,316.57,88,316.58,316.43
2025-06-04 10:12:29,719,316.48,434,316.47,1434,316.46,44,316.45,118,316.44,510,316.43,511,316.42,329,316.41,2207,316.4,1500,316.39,8,316.59,104,316.6,383,316.61,1,316.62,200,316.63,72,316.64,2,316.65,206,316.66,126,316.67,392,316.68,316.53499999999997
2025-06-04 10:12:39,565,316.51,16435,316.5,531,316.49,1019,316.48,134,316.47,1134,316.46,1660,316.45,37,316.44,810,316.43,11,316.42,138,316.62,196,316.63,512,316.67,441,316.68,38,316.69,246,316.7,384,316.71,181,316.72,78,316.73,137,316.74,316.565
2025-06-04 10:12:49,334,316.53,509,316.52,965,316.51,16519,316.5,274,316.49,719,316.48,435,316.47,2134,316.46,544,316.45,3116,316.44,178,316.68,260,316.69,434,316.7,34,316.71,99,316.72,125,316.73,147,316.74,134,316.75,250,316.76,1266,316.77,316.605
2025-06-04 10:12:59,766,316.48,585,316.47,2371,316.46,344,316.45,34,316.44,560,316.43,11,316.42,12,316.41,2687,316.4,250,316.39,105,316.61,172,316.62,89,316.63,3,316.64,270,316.65,325,316.66,201,316.67,269,316.68,35,316.69,415,316.7,316.545
2025-06-04 10:13:09,1571,316.52,1183,316.51,17289,316.5,340,316.49,719,316.48,285,316.47,3571,316.46,1510,316.45,560,316.43,11,316.42,199,316.64,14,316.65,104,316.66,200,316.67,78,316.68,1,316.69,89,316.7,89,316.71,99,316.72,186,316.73,316.58
2025-06-04 10:13:19,280,316.49,719,316.48,185,316.47,2334,316.46,1310,316.45,100,316.44,1097,316.43,11,316.42,300,316.41,4688,316.4,208,316.61,70,316.63,119,316.64,215,316.65,148,316.67,18,316.68,175,316.69,1023,316.7,59,316.71,111,316.72,316.55
2025-06-04 10:13:29,87,316.49,719,316.48,285,316.47,2034,316.46,1044,316.45,134,316.44,594,316.43,545,316.42,300,316.41,2688,316.4,502,316.61,1198,316.62,252,316.63,175,316.65,44,316.66,157,316.67,532,316.68,185,316.69,311,316.7,209,316.71,316.55
2025-06-04 10:13:39,2222,316.4,184,316.39,404,316.38,344,316.37,750,316.36,550,316.35,3581,316.34,1110,316.33,1000,316.32,650,316.31,324,316.51,103,316.52,60,316.53,300,316.54,480,316.55,1050,316.56,36,316.57,389,316.58,29,316.59,62,316.61,316.455
2025-06-04 10:13:49,304,316.29,300,316.28,150,316.27,300,316.26,82,316.25,34,316.24,134,316.23,1354,316.22,1569,316.21,36,316.2,1020,316.41,434,316.42,134,316.43,34,316.44,34,316.45,34,316.46,321,316.47,1034,316.48,34,316.49,189,316.5,316.35
2025-06-04 10:13:59,55,316.04,36,316.03,108,316.02,157,316.01,1407,316.0,634,315.99,1534,315.98,1034,315.97,260,315.96,510,315.95,1,316.16,2,316.17,201,316.19,100,316.2,274,316.21,334,316.22,104,316.23,40,316.24,134,316.25,256,316.26,316.1
2025-06-04 10:14:09,250,316.08,215,316.06,124,316.05,155,316.04,36,316.03,1076,316.02,596,316.01,1341,316.0,34,315.99,1034,315.98,925,316.19,121,316.2,34,316.21,34,316.22,34,316.23,34,316.24,40,316.25,543,316.26,443,316.27,1034,316.28,316.135
2025-06-04 10:14:19,443,316.2,362,316.19,2038,316.18,72,316.17,231,316.16,393,316.15,510,316.14,747,316.13,1650,316.12,1094,316.11,200,316.35,68,316.36,107,316.37,200,316.38,405,316.39,216,316.4,67,316.41,1063,316.42,61,316.43,37,316.44,316.275
2025-06-04 10:14:29,508,316.3,276,316.29,34,316.28,334,316.27,334,316.26,34,316.25,34,316.24,223,316.23,1484,316.22,150,316.21,93,316.44,41,316.45,34,316.46,34,316.47,411,316.48,42,316.49,1829,316.5,67,316.51,302,316.52,38,316.53,316.37
2025-06-04 10:14:39,276,316.29,34,316.28,34,316.27,34,316.26,71,316.25,103,316.24,566,316.23,1240,316.22,3239,316.21,8,316.2,584,316.47,111,316.48,42,316.49,1829,316.5,67,316.51,243,316.52,172,316.53,82,316.54,34,316.55,134,316.56,316.38
2025-06-04 10:14:49,250,316.31,126,316.29,71,316.28,184,316.27,34,316.26,34,316.25,256,316.24,1035,316.23,1140,316.22,134,316.21,192,316.43,2034,316.44,134,316.45,34,316.46,37,316.47,211,316.48,52,316.49,953,316.5,67,316.51,243,316.52,316.37
2025-06-04 10:14:59,54,316.34,109,316.33,85,316.32,784,316.31,4034,316.3,126,316.29,500,316.28,1150,316.27,1000,316.25,650,316.24,15,316.49,873,316.5,33,316.51,279,316.52,38,316.53,41,316.54,143,316.55,334,316.56,37,316.57,509,316.58,316.41499999999996
2025-06-04 10:15:09,134,316.37,34,316.36,314,316.35,554,316.34,109,316.33,1085,316.32,184,316.31,4164,316.3,126,316.29,500,316.28,107,316.49,878,316.5,33,316.51,209,316.52,108,316.53,35,316.54,140,316.55,92,316.56,162,316.57,459,316.58,316.43
2025-06-04 10:15:19,614,316.35,332,316.34,610,316.33,1085,316.32,184,316.31,4664,316.3,126,316.29,534,316.28,185,316.27,1000,316.26,1828,316.5,33,316.51,243,316.52,38,316.53,135,316.54,40,316.55,254,316.56,53,316.57,568,316.58,253,316.59,316.425
2025-06-04 10:15:29,195,316.4,334,316.39,334,316.38,172,316.37,66,316.36,602,316.35,534,316.34,3073,316.33,51,316.32,2407,316.31,190,316.54,58,316.55,200,316.56,135,316.57,375,316.58,53,316.59,252,316.6,186,316.61,343,316.62,1357,316.63,316.47
2025-06-04 10:15:39,531,316.25,81,316.24,185,316.23,150,316.22,2134,316.21,340,316.2,4688,316.19,1134,316.18,144,316.17,684,316.16,100,316.38,207,316.39,34,316.41,34,316.42,143,316.43,34,316.44,292,316.45,34,316.46,34,316.47,581,316.48,316.315
2025-06-04 10:15:49,232,316.27,334,316.26,334,316.25,34,316.24,182,316.23,50,316.22,1634,316.21,990,316.2,3654,316.19,1100,316.18,40,316.4,69,316.42,70,316.43,134,316.44,134,316.45,274,316.46,2083,316.47,81,316.48,152,316.49,164,316.5,316.335
2025-06-04 10:15:59,334,316.28,322,316.27,81,316.26,34,316.25,34,316.24,145,316.23,2386,316.22,2100,316.21,1956,316.2,3254,316.19,10,316.4,104,316.46,2140,316.47,34,316.48,54,316.49,164,316.5,34,316.51,1134,316.52,34,316.53,386,316.54,316.34
2025-06-04 10:16:09,835,316.31,4103,316.3,323,316.29,34,316.28,135,316.27,34,316.26,1500,316.24,1611,316.23,16,316.22,456,316.2,1745,316.47,72,316.48,20,316.49,105,316.5,204,316.51,34,316.52,217,316.53,84,316.54,1144,316.55,34,316.56,316.39
2025-06-04 10:16:19,190,316.48,71,316.47,34,316.46,166,316.45,534,316.44,141,316.43,684,316.42,1134,316.41,85,316.4,4,316.39,309,316.64,1191,316.65,34,316.66,61,316.67,593,316.68,247,316.69,415,316.7,319,316.71,968,316.72,10077,316.73,316.56
2025-06-04 10:16:29,71,316.49,161,316.48,114,316.47,754,316.46,634,316.45,1034,316.44,34,316.43,184,316.42,1500,316.41,3013,316.4,368,316.65,34,316.66,61,316.67,348,316.68,399,316.69,371,316.7,101,316.71,1271,316.72,10077,316.73,68,316.74,316.57
2025-06-04 10:16:39,143,316.52,92,316.51,315,316.5,534,316.49,34,316.48,35,316.47,696,316.46,634,316.45,1534,316.44,2000,316.43,312,316.68,82,316.69,374,316.7,79,316.71,2704,316.72,10077,316.73,238,316.74,342,316.75,125,316.76,87,316.77,316.6
2025-06-04 10:16:49,134,316.54,34,316.53,34,316.52,910,316.51,220,316.5,1634,316.49,34,316.48,35,316.47,184,316.46,700,316.45,366,316.68,70,316.69,374,316.7,179,316.71,2651,316.72,10277,316.73,143,316.74,245,316.75,68,316.76,87,316.77,316.61
2025-06-04 10:16:59,543,316.56,334,316.55,284,316.54,92,316.53,535,316.52,295,316.51,220,316.5,374,316.49,534,316.48,35,316.47,194,316.68,53,316.69,343,316.7,79,316.71,2683,316.72,10277,316.73,73,316.74,245,316.75,68,316.76,157,316.77,316.62
2025-06-04 10:17:09,934,316.45,34,316.44,634,316.43,307,316.42,1071,316.41,34,316.4,2614,316.39,35,316.38,1151,316.37,300,316.35,279,316.61,328,316.62,208,316.63,868,316.64,12086,316.65,34,316.66,305,316.67,59,316.68,184,316.69,134,316.7,316.53
2025-06-04 10:17:19,135,316.38,190,316.37,34,316.36,71,316.35,1780,316.34,1001,316.33,500,316.32,2074,316.31,4032,316.3,892,316.29,158,316.55,400,316.56,29,316.57,100,316.58,274,316.59,365,316.6,466,316.61,279,316.62,510,316.63,700,316.64,316.46500000000003
2025-06-04 10:17:29,4466,316.3,126,316.29,34,316.28,151,316.27,100,316.26,5,316.25,1000,316.24,311,316.23,671,316.22,4073,316.21,50,316.45,123,316.46,126,316.47,1,316.49,282,316.5,1100,316.51,207,316.52,34,316.53,334,316.54,284,316.55,316.375
2025-06-04 10:17:39,335,316.33,49,316.32,371,316.31,4203,316.3,97,316.29,500,316.28,151,316.27,255,316.25,2000,316.24,411,316.23,15,316.44,40,316.45,75,316.47,1,316.49,32,316.5,1103,316.51,40,316.52,70,316.53,334,316.54,34,316.55,316.385
2025-06-04 10:17:49,440,316.34,376,316.33,349,316.32,415,316.31,4066,316.3,597,316.29,100,316.28,151,316.27,37,316.26,709,316.25,8,316.45,9,316.46,53,316.47,1,316.49,1000,316.51,140,316.52,95,316.53,137,316.55,34,316.56,46,316.57,316.395
2025-06-04 10:17:59,334,316.4,737,316.39,184,316.38,815,316.37,1034,316.36,1,316.35,150,316.34,52,316.33,15,316.32,1231,316.31,403,316.6,105,316.61,238,316.62,115,316.63,970,316.64,12095,316.65,34,316.66,35,316.67,217,316.68,134,316.69,316.5
2025-06-04 10:18:09,44,316.12,378,316.11,447,316.1,2900,316.09,701,316.05,521,316.04,1102,316.03,116,316.02,483,316.01,2595,316.0,496,316.28,100,316.29,2,316.3,58,316.31,170,316.32,100,316.33,15,316.34,34,316.35,354,316.36,134,316.37,316.2
2025-06-04 10:18:19,334,316.29,334,316.28,284,316.27,34,316.26,134,316.25,325,316.24,634,316.23,1856,316.22,750,316.21,89,316.2,39,316.41,42,316.42,100,316.43,45,316.44,105,316.45,370,316.46,134,316.47,134,316.48,46,316.49,534,316.5,316.35
2025-06-04 10:18:29,34,316.29,34,316.28,284,316.27,34,316.26,354,316.25,558,316.24,600,316.23,1356,316.22,250,316.21,89,316.2,31,316.43,45,316.44,121,316.45,70,316.48,312,316.49,540,316.5,143,316.51,54,316.52,234,316.53,34,316.54,316.36
2025-06-04 10:18:39,913,316.3,134,316.29,274,316.28,784,316.27,220,316.25,2500,316.23,1371,316.22,10,316.2,4395,316.19,100,316.18,92,316.44,64,316.45,128,316.46,49,316.47,87,316.48,412,316.49,526,316.5,34,316.51,263,316.52,134,316.53,316.37
2025-06-04 10:18:49,334,316.24,434,316.23,1405,316.22,150,316.21,10,316.2,830,316.19,700,316.18,960,316.17,2097,316.16,1056,316.15,50,316.36,19,316.37,75,316.39,60,316.4,95,316.41,38,316.42,90,316.43,170,316.44,358,316.45,409,316.46,316.3
2025-06-04 10:18:59,344,316.2,364,316.19,234,316.18,45,316.17,32,316.16,1056,316.15,1097,316.13,513,316.12,1000,316.11,102,316.1,16,316.31,50,316.32,124,316.33,480,316.36,195,316.37,177,316.4,204,316.41,469,316.42,366,316.43,135,316.44,316.255
2025-06-04 10:19:10,34,316.24,34,316.23,505,316.22,34,316.21,43,316.2,280,316.19,257,316.18,161,316.17,935,316.16,2056,316.15,95,316.37,74,316.38,77,316.4,110,316.41,5,316.42,70,316.43,409,316.44,34,316.45,34,316.46,164,316.47,316.305
2025-06-04 10:19:20,314,316.19,234,316.18,195,316.17,719,316.16,2090,316.15,597,316.13,1013,316.12,102,316.1,2195,316.09,58,316.08,260,316.33,122,316.34,100,316.36,200,316.37,20,316.38,106,316.39,113,316.4,153,316.41,339,316.42,284,316.43,316.26
2025-06-04 10:19:30,393,316.23,405,316.22,34,316.21,283,316.2,1314,316.19,134,316.18,695,316.17,185,316.16,1556,316.15,2592,316.13,4,316.38,196,316.39,1124,316.4,44,316.41,139,316.42,34,316.43,104,316.44,134,316.45,81,316.46,164,316.47,316.305
2025-06-04 10:19:40,1464,316.19,134,316.18,195,316.17,219,316.16,1090,316.15,534,316.14,381,316.13,47,316.12,1100,316.11,602,316.1,61,316.32,30,316.33,51,316.34,301,316.35,123,316.36,50,316.37,314,316.38,766,316.39,1113,316.4,294,316.41,316.255
2025-06-04 10:19:50,458,316.17,419,316.16,1090,316.15,34,316.14,81,316.13,297,316.12,534,316.11,136,316.1,634,316.09,634,316.08,122,316.3,149,316.31,134,316.32,264,316.33,355,316.34,428,316.35,123,316.36,361,316.37,184,316.38,290,316.39,316.235
2025-06-04 10:20:00,154,316.17,169,316.16,1090,316.15,184,316.14,81,316.13,147,316.12,1034,316.11,136,316.1,650,316.09,1100,316.08,11,316.29,105,316.3,149,316.31,70,316.32,119,316.33,37,316.34,467,316.35,34,316.36,53,316.37,239,316.38,316.23
2025-06-04 10:20:10,1113,316.12,136,316.1,684,316.09,34,316.08,184,316.07,337,316.06,85,316.05,554,316.04,36,316.03,403,316.02,380,316.24,124,316.25,185,316.26,34,316.27,49,316.28,45,316.29,44,316.3,122,316.31,136,316.32,164,316.33,316.18
2025-06-04 10:20:20,47,316.08,250,316.07,3,316.06,51,316.05,332,316.04,1536,316.03,1303,316.02,618,316.01,1591,316.0,34,315.99,631,316.2,169,316.21,34,316.22,74,316.23,363,316.24,54,316.25,84,316.26,109,316.27,51,316.28,47,316.29,316.14
2025-06-04 10:20:30,34,316.02,465,316.01,1699,316.0,34,315.99,35,315.98,38,315.97,534,315.96,1047,315.95,234,315.94,1106,315.93,1,316.17,100,316.18,73,316.19,93,316.2,213,316.21,303,316.22,135,316.23,1469,316.24,56,316.25,34,316.26,316.095
2025-06-04 10:20:40,34,316.03,120,316.02,468,316.01,1722,316.0,534,315.99,134,315.98,38,315.97,34,315.96,1463,315.95,200,315.94,22,316.15,14,316.17,89,316.18,240,316.19,192,316.2,140,316.21,44,316.22,121,316.23,1313,316.24,165,316.25,316.09
2025-06-04 10:20:50,34,316.15,35,316.14,34,316.13,1036,316.12,138,316.11,1151,316.1,500,316.09,1033,316.08,600,316.07,450,316.06,47,316.28,3,316.31,375,316.33,39,316.34,374,316.35,34,316.36,164,316.37,39,316.38,241,316.39,361,316.4,316.215
2025-06-04 10:21:00,185,316.14,34,316.13,634,316.12,534,316.11,72,316.1,1000,316.09,1033,316.08,1500,316.07,450,316.06,30,316.05,32,316.3,220,316.31,157,316.32,325,316.33,103,316.34,358,316.35,67,316.36,205,316.37,97,316.38,400,316.39,316.22
2025-06-04 10:21:10,44,316.17,484,316.16,334,316.15,34,316.14,34,316.13,180,316.11,501,316.1,1500,316.09,1543,316.08,1400,316.07,122,316.3,120,316.31,82,316.33,158,316.34,424,316.35,82,316.36,404,316.37,489,316.38,1037,316.39,1423,316.4,316.235
2025-06-04 10:21:20,293,316.17,484,316.16,334,316.15,34,316.14,34,316.13,34,316.12,1200,316.11,2,316.1,1150,316.09,543,316.08,183,316.29,39,316.3,75,316.32,1,316.33,144,316.34,474,316.35,82,316.36,1164,316.37,118,316.38,337,316.39,316.23
2025-06-04 10:21:30,324,316.19,34,316.18,46,316.17,184,316.16,109,316.15,534,316.14,1150,316.13,500,316.12,700,316.11,1002,316.1,38,316.34,197,316.35,96,316.37,225,316.38,437,316.39,3181,316.4,35,316.41,40,316.42,35,316.43,1134,316.44,316.265
2025-06-04 10:21:40,187,316.23,34,316.22,34,316.21,34,316.2,377,316.19,118,316.18,786,316.17,684,316.16,600,316.15,1000,316.14,150,316.37,12,316.38,256,316.39,2935,316.4,135,316.41,115,316.42,34,316.43,1034,316.44,143,316.45,184,316.46,316.3
2025-06-04 10:21:50,37,316.23,34,316.22,34,316.21,134,316.2,427,316.19,34,316.18,547,316.17,684,316.16,600,316.15,1000,316.14,234,316.37,16,316.38,263,316.39,3110,316.4,35,316.41,190,316.42,34,316.43,1211,316.44,143,316.45,184,316.46,316.3
2025-06-04 10:22:00,334,316.21,334,316.2,427,316.19,34,316.18,547,316.17,184,316.16,66,316.15,621,316.14,1534,316.13,1134,316.12,35,316.36,356,316.37,4134,316.38,123,316.39,3191,316.4,35,316.41,265,316.42,60,316.43,1243,316.44,34,316.45,316.28499999999997
2025-06-04 10:22:10,134,316.2,427,316.19,34,316.18,47,316.17,334,316.16,306,316.15,1034,316.14,1534,316.13,58,316.12,1000,316.11,9,316.35,162,316.36,335,316.37,4234,316.38,213,316.39,2941,316.4,144,316.41,40,316.42,60,316.43,1034,316.44,316.275
2025-06-04 10:22:20,37,316.23,181,316.22,34,316.21,35,316.2,1427,316.19,634,316.18,47,316.17,84,316.16,39,316.15,534,316.14,2,316.34,1,316.35,727,316.36,301,316.37,4038,316.38,131,316.39,2941,316.4,144,316.41,40,316.42,137,316.43,316.28499999999997
2025-06-04 10:22:30,143,316.29,381,316.28,1155,316.27,106,316.26,520,316.25,2204,316.24,653,316.23,2000,316.22,500,316.21,1,316.2,11,316.4,1,316.41,6,316.42,26,316.43,130,316.47,151,316.48,422,316.49,1064,316.5,81,316.51,1034,316.52,316.345
2025-06-04 10:22:40,34,316.36,274,316.35,1134,316.34,143,316.33,73,316.32,344,316.31,649,316.3,1500,316.29,347,316.28,155,316.27,111,316.47,2,316.48,313,316.49,969,316.5,6,316.51,185,316.52,36,316.53,186,316.54,34,316.55,136,316.56,316.415
2025-06-04 10:22:50,34,316.36,34,316.35,34,316.34,655,316.33,649,316.32,1344,316.31,574,316.3,1250,316.29,947,316.28,155,316.27,299,316.49,2158,316.5,6,316.51,100,316.52,36,316.53,109,316.54,34,316.55,213,316.56,49,316.57,92,316.58,316.425
2025-06-04 10:23:00,34,316.36,34,316.35,44,316.34,805,316.33,549,316.32,1345,316.31,574,316.3,1500,316.29,947,316.28,5,316.27,59,316.49,2083,316.5,6,316.51,100,316.52,36,316.53,349,316.54,559,316.55,113,316.56,199,316.57,34,316.58,316.425
2025-06-04 10:23:10,345,316.31,583,316.3,34,316.29,447,316.28,6,316.27,605,316.26,184,316.25,2200,316.24,1153,316.23,3000,316.22,98,316.45,93,316.46,18,316.48,189,316.49,1908,316.5,315,316.51,240,316.52,1220,316.53,34,316.54,384,316.55,316.38
2025-06-04 10:23:20,34,316.38,150,316.37,34,316.36,269,316.35,562,316.34,224,316.33,315,316.32,911,316.31,1049,316.3,1500,316.29,44,316.5,6,316.51,129,316.53,200,316.55,84,316.56,124,316.57,34,316.58,1059,316.59,181,316.6,90,316.61,316.44
2025-06-04 10:23:30,382,316.37,339,316.36,1284,316.35,35,316.34,34,316.33,546,316.32,259,316.31,549,316.3,1500,316.29,347,316.28,2821,316.5,85,316.51,100,316.54,147,316.55,118,316.56,274,316.57,334,316.58,1366,316.59,59,316.6,90,316.61,316.435
2025-06-04 10:23:40,184,316.35,35,316.34,411,316.33,512,316.32,309,316.31,1549,316.3,2000,316.29,347,316.28,251,316.27,2321,316.25,72,316.49,1514,316.5,1,316.53,175,316.54,148,316.55,84,316.56,308,316.57,334,316.58,1347,316.59,59,316.6,316.42
2025-06-04 10:23:50,184,316.35,163,316.34,358,316.33,512,316.32,309,316.31,1549,316.3,1500,316.29,847,316.28,151,316.27,100,316.26,49,316.49,1536,316.5,56,316.51,175,316.54,150,316.55,84,316.56,298,316.57,334,316.58,1247,316.59,59,316.6,316.42
2025-06-04 10:24:00,45,316.39,243,316.38,37,316.37,464,316.36,438,316.35,351,316.34,129,316.33,512,316.32,309,316.31,1549,316.3,1210,316.5,72,316.51,51,316.55,184,316.56,114,316.57,76,316.58,1016,316.59,26,316.6,110,316.61,135,316.62,316.445
2025-06-04 10:24:10,143,316.38,59,316.37,464,316.36,768,316.35,1101,316.34,512,316.32,559,316.31,649,316.3,1500,316.29,347,316.28,73,316.49,1554,316.5,72,316.51,232,316.52,158,316.55,7,316.56,114,316.57,1,316.58,1016,316.59,173,316.6,316.435
2025-06-04 10:24:20,143,316.51,134,316.5,39,316.49,72,316.48,106,316.47,582,316.46,1250,316.45,670,316.43,1000,316.41,30,316.4,251,316.63,61,316.64,12161,316.65,125,316.66,1,316.67,153,316.68,176,316.69,127,316.7,45,316.71,68,316.72,316.57
2025-06-04 10:24:30,34,316.54,34,316.53,364,316.52,109,316.51,100,316.5,262,316.49,1008,316.48,501,316.47,602,316.46,250,316.45,7171,316.65,125,316.66,357,316.67,153,316.68,1,316.69,29,316.7,11,316.71,132,316.72,171,316.73,39,316.74,316.595
2025-06-04 10:24:40,34,316.54,90,316.52,109,316.51,340,316.5,187,316.49,1508,316.48,1,316.47,502,316.46,250,316.45,5,316.44,6042,316.65,125,316.66,357,316.67,153,316.68,1,316.69,29,316.7,11,316.71,102,316.72,201,316.73,144,316.74,316.595
2025-06-04 10:24:50,110,316.68,480,316.67,1000,316.66,111,316.65,223,316.64,126,316.63,502,316.62,501,316.61,1150,316.6,32,316.59,331,316.79,1924,316.8,10,316.81,79,316.82,234,316.83,1,316.84,60,316.85,138,316.86,1,316.87,92,316.88,316.735
2025-06-04 10:25:00,300,316.7,150,316.68,298,316.67,1100,316.66,1,316.65,473,316.64,33,316.63,602,316.62,501,316.61,1200,316.6,95,316.81,79,316.82,36,316.83,5,316.84,160,316.85,103,316.86,1,316.87,97,316.88,337,316.89,387,316.9,316.755
2025-06-04 10:25:10,450,316.73,300,316.72,100,316.69,1150,316.68,800,316.67,1600,316.66,1,316.65,223,316.64,1000,316.63,2,316.62,5,316.85,17,316.86,56,316.87,52,316.88,96,316.89,24,316.9,50,316.91,213,316.92,289,316.93,585,316.94,316.79
2025-06-04 10:25:20,550,316.7,800,316.69,1150,316.68,300,316.67,1002,316.66,1,316.65,500,316.63,102,316.62,151,316.61,3116,316.6,430,316.84,229,316.85,85,316.86,192,316.87,502,316.88,96,316.89,224,316.9,125,316.91,6,316.92,249,316.93,316.77
2025-06-04 10:25:30,81,316.73,150,316.72,13,316.71,450,316.7,800,316.69,1000,316.68,300,316.67,1102,316.66,1,316.65,3,316.64,316,316.84,176,316.85,174,316.86,142,316.87,402,316.88,96,316.89,299,316.9,50,316.91,2,316.93,672,316.94,316.78499999999997
2025-06-04 10:25:40,184,316.72,147,316.71,450,316.7,300,316.69,1000,316.68,13,316.67,1600,316.66,1,316.65,3,316.64,500,316.63,113,316.83,314,316.84,52,316.85,125,316.86,952,316.87,477,316.88,196,316.89,229,316.9,185,316.91,150,316.92,316.775
2025-06-04 10:25:50,335,316.61,276,316.6,684,316.59,1034,316.58,652,316.57,2000,316.55,630,316.54,2097,316.53,8,316.5,662,316.49,837,316.77,377,316.78,280,316.79,100,316.8,164,316.81,259,316.82,386,316.83,493,316.84,86,316.85,136,316.86,316.69
2025-06-04 10:26:00,334,316.63,336,316.62,35,316.61,135,316.6,184,316.59,156,316.57,1000,316.56,2500,316.55,30,316.54,300,316.53,1,316.77,235,316.79,172,316.8,1050,316.81,200,316.82,222,316.83,222,316.84,160,316.85,210,316.86,167,316.87,316.7
2025-06-04 10:26:10,334,316.68,336,316.67,34,316.66,535,316.65,37,316.64,150,316.63,102,316.62,501,316.61,131,316.6,650,316.59,76,316.81,181,316.82,88,316.83,88,316.84,51,316.85,102,316.86,130,316.87,384,316.88,104,316.89,497,316.9,316.745
2025-06-04 10:26:20,184,316.63,36,316.62,35,316.61,115,316.6,500,316.59,117,316.58,1303,316.57,151,316.56,1600,316.55,530,316.54,75,316.77,118,316.78,201,316.81,607,316.82,138,316.83,287,316.84,335,316.85,186,316.86,286,316.87,384,316.88,316.7
2025-06-04 10:26:30,285,316.65,37,316.64,184,316.63,133,316.62,1501,316.61,500,316.58,303,316.57,150,316.56,1100,316.55,2142,316.54,32,316.78,133,316.81,654,316.82,38,316.83,88,316.84,54,316.85,152,316.86,89,316.87,559,316.88,57,316.89,316.715
2025-06-04 10:26:40,37,316.64,184,316.63,155,316.62,601,316.61,500,316.59,500,316.58,303,316.57,1150,316.56,1635,316.55,2140,316.54,37,316.78,12,316.79,1,316.8,68,316.81,606,316.82,88,316.83,187,316.84,154,316.85,211,316.86,116,316.87,316.71
2025-06-04 10:26:50,338,316.7,334,316.69,534,316.68,134,316.67,152,316.65,280,316.64,600,316.63,1502,316.62,1301,316.61,2260,316.6,115,316.84,54,316.85,102,316.86,55,316.87,350,316.88,98,316.89,366,316.9,159,316.91,39,316.92,434,316.93,316.77
2025-06-04 10:27:00,34,316.74,81,316.73,34,316.72,34,316.71,150,316.7,1150,316.69,500,316.68,3710,316.67,452,316.65,3,316.64,1,316.89,220,316.94,347,316.95,490,316.96,168,316.97,769,316.98,1827,316.99,27755,317.0,319,317.01,359,317.02,316.815
2025-06-04 10:27:10,335,316.76,1315,316.75,81,316.74,184,316.73,134,316.72,534,316.71,38,316.7,1150,316.69,1601,316.67,2515,316.65,185,316.89,151,316.9,100,316.91,48,316.92,91,316.93,168,316.94,245,316.95,742,316.96,68,316.97,722,316.98,316.825
2025-06-04 10:27:20,148,316.79,100,316.78,434,316.77,335,316.76,1318,316.75,81,316.74,184,316.73,134,316.72,534,316.71,4,316.7,76,316.9,102,316.91,10,316.92,1,316.93,173,316.94,1430,316.95,617,316.96,69,316.97,723,316.98,1332,316.99,316.845
2025-06-04 10:27:30,442,316.78,334,316.77,35,316.76,1318,316.75,181,316.74,184,316.73,34,316.72,2000,316.71,2067,316.7,1150,316.69,390,316.92,26,316.93,107,316.94,1121,316.95,590,316.96,69,316.97,818,316.98,1360,316.99,29208,317.0,319,317.01,316.85
2025-06-04 10:27:40,588,316.79,42,316.78,34,316.77,35,316.76,1318,316.75,34,316.74,157,316.73,684,316.72,534,316.71,138,316.7,183,316.92,39,316.93,4,316.94,1334,316.95,490,316.96,230,316.97,799,316.98,1360,316.99,29030,317.0,569,317.01,316.855
2025-06-04 10:27:50,438,316.79,42,316.78,34,316.77,35,316.76,1418,316.75,34,316.74,43,316.73,684,316.72,1534,316.71,4,316.7,145,316.92,287,316.93,204,316.94,1152,316.95,490,316.96,69,316.97,572,316.98,1535,316.99,27974,317.0,466,317.01,316.855
2025-06-04 10:28:00,438,316.79,1042,316.78,134,316.77,35,316.76,1468,316.75,34,316.74,43,316.73,184,316.72,2034,316.71,4,316.7,232,316.91,185,316.92,149,316.93,262,316.94,1187,316.95,565,316.96,68,316.97,732,316.98,1460,316.99,27975,317.0,316.85
2025-06-04 10:28:10,44,316.77,335,316.76,1768,316.75,134,316.74,43,316.73,184,316.72,1034,316.71,38,316.7,2134,316.69,60,316.68,125,316.89,275,316.9,130,316.91,287,316.92,149,316.93,764,316.94,2362,316.95,517,316.96,68,316.97,789,316.98,316.83
2025-06-04 10:28:20,144,316.77,335,316.76,1768,316.75,34,316.74,43,316.73,184,316.72,534,316.71,38,316.7,2134,316.69,60,316.68,428,316.88,21,316.89,368,316.9,103,316.91,187,316.92,93,316.93,683,316.94,1177,316.95,742,316.96,100,316.97,316.825
2025-06-04 10:28:30,200,316.71,4,316.7,81,316.69,94,316.68,365,316.67,934,316.66,486,316.65,137,316.64,1034,316.63,1546,316.62,301,316.83,192,316.84,166,316.85,109,316.86,340,316.87,95,316.88,641,316.89,449,316.9,210,316.91,621,316.92,316.77
2025-06-04 10:28:40,66,316.63,1093,316.62,35,316.61,584,316.6,334,316.59,335,316.58,139,316.57,784,316.56,534,316.55,1200,316.54,233,316.76,100,316.77,84,316.78,34,316.79,83,316.8,147,316.81,614,316.82,328,316.83,61,316.84,1588,316.85,316.695
2025-06-04 10:28:50,335,316.48,383,316.47,86,316.46,234,316.45,330,316.44,554,316.43,1344,316.42,34,316.41,1150,316.4,1010,316.39,48,316.63,90,316.64,100,316.65,234,316.66,109,316.67,81,316.68,462,316.69,1183,316.7,184,316.71,34,316.72,316.555
2025-06-04 10:29:00,1091,316.42,34,316.41,49,316.4,135,316.39,709,316.38,1503,316.37,250,316.36,300,316.35,1074,316.32,631,316.31,276,316.55,117,316.56,1,316.57,133,316.58,75,316.61,412,316.62,1184,316.63,81,316.64,184,316.65,34,316.66,316.485
2025-06-04 10:29:10,219,316.5,446,316.49,485,316.48,36,316.47,536,316.46,134,316.45,501,316.44,321,316.43,1160,316.42,100,316.41,76,316.64,50,316.65,5,316.66,75,316.68,278,316.69,1034,316.7,61,316.71,34,316.72,135,316.73,434,316.74,316.57
2025-06-04 10:29:20,599,316.54,34,316.53,35,316.52,79,316.51,374,316.5,646,316.49,185,316.48,36,316.47,2502,316.46,200,316.45,250,316.7,35,316.71,45,316.72,160,316.73,34,316.74,359,316.75,1161,316.76,34,316.77,34,316.78,34,316.79,316.62
2025-06-04 10:29:30,242,316.5,146,316.49,308,316.48,536,316.47,1536,316.46,2220,316.45,501,316.44,1321,316.43,1160,316.42,100,316.41,247,316.69,1161,316.7,34,316.71,309,316.72,35,316.73,231,316.74,66,316.75,1034,316.76,84,316.77,334,316.78,316.595
2025-06-04 10:29:40,344,316.39,35,316.38,185,316.37,659,316.36,34,316.35,134,316.34,1486,316.33,108,316.32,1731,316.31,1142,316.3,100,316.55,11,316.56,34,316.57,146,316.58,35,316.59,101,316.6,422,316.61,393,316.62,1231,316.63,34,316.64,316.47
2025-06-04 10:29:50,270,316.36,134,316.35,134,316.34,34,316.33,1108,316.32,256,316.31,2042,316.3,2592,316.29,362,316.28,451,316.27,108,316.54,50,316.55,35,316.56,34,316.57,168,316.58,116,316.59,1374,316.6,34,316.61,39,316.62,34,316.63,316.45000000000005
2025-06-04 10:30:00,44,316.33,379,316.32,440,316.31,1091,316.3,37,316.29,347,316.28,1151,316.27,613,316.25,2589,316.24,1454,316.23,100,316.48,16,316.49,50,316.51,570,316.52,131,316.53,1109,316.54,34,316.55,161,316.56,293,316.57,35,316.58,316.405
2025-06-04 10:30:10,581,316.37,34,316.36,34,316.35,434,316.34,253,316.33,309,316.32,1275,316.31,91,316.3,277,316.29,597,316.28,10,316.49,34,316.5,106,316.51,2,316.52,1109,316.54,34,316.55,143,316.56,92,316.57,135,316.58,34,316.59,316.43
2025-06-04 10:30:20,81,316.48,416,316.47,234,316.46,482,316.45,1034,316.44,34,316.43,1134,316.42,150,316.41,1,316.4,347,316.39,30,316.62,36,316.63,75,316.65,34,316.66,190,316.67,168,316.68,335,316.69,205,316.7,381,316.71,1034,316.72,316.55
2025-06-04 10:30:30,134,316.5,314,316.49,1134,316.48,1044,316.47,134,316.46,44,316.45,35,316.44,500,316.43,350,316.42,150,316.41,378,316.66,75,316.67,300,316.68,35,316.69,96,316.7,42,316.71,334,316.72,144,316.73,131,316.74,134,316.75,316.58000000000004
2025-06-04 10:30:40,314,316.49,1034,316.48,44,316.47,134,316.46,44,316.45,1035,316.44,59,316.43,2189,316.42,650,316.41,501,316.4,150,316.63,158,316.64,258,316.66,75,316.67,234,316.68,162,316.69,246,316.7,42,316.71,484,316.72,35,316.73,316.56
2025-06-04 10:30:50,35,316.4,34,316.39,344,316.38,1184,316.37,1034,316.36,1134,316.35,2348,316.32,492,316.31,342,316.3,653,316.29,50,316.56,7,316.57,119,316.59,209,316.6,434,316.61,211,316.62,180,316.63,186,316.64,69,316.65,1191,316.66,316.48
2025-06-04 10:31:00,381,316.28,135,316.27,34,316.26,263,316.25,1035,316.24,49,316.23,1501,316.22,350,316.21,824,316.2,2324,316.19,1,316.41,5,316.43,50,316.44,10,316.47,267,316.48,600,316.49,109,316.5,66,316.51,194,316.52,1134,316.53,316.345
2025-06-04 10:31:10,381,316.28,35,316.27,34,316.26,163,316.25,1135,316.24,11,316.23,1500,316.22,350,316.21,824,316.2,100,316.19,108,316.4,86,316.41,6,316.42,58,316.44,100,316.45,347,316.46,58,316.47,27,316.48,500,316.49,34,316.5,316.34
2025-06-04 10:31:20,308,316.32,285,316.31,245,316.3,1187,316.29,381,316.28,1035,316.27,1,316.26,663,316.25,35,316.24,203,316.23,92,316.47,600,316.49,403,316.5,44,316.52,1034,316.53,61,316.54,34,316.55,144,316.56,284,316.57,331,316.58,316.395
2025-06-04 10:31:30,435,316.31,176,316.3,1188,316.29,381,316.28,1035,316.27,1,316.26,513,316.25,35,316.24,203,316.23,1500,316.22,193,316.45,50,316.46,117,316.47,500,316.49,328,316.5,61,316.51,34,316.52,1136,316.53,184,316.54,81,316.55,316.38
2025-06-04 10:31:40,309,316.32,425,316.31,186,316.3,1188,316.29,381,316.28,1035,316.27,40,316.26,513,316.25,35,316.24,203,316.23,16,316.45,90,316.46,106,316.47,100,316.48,500,316.49,362,316.5,92,316.51,274,316.52,1036,316.53,231,316.54,316.385
2025-06-04 10:31:50,35,316.27,340,316.26,847,316.25,69,316.24,237,316.23,1034,316.22,352,316.21,324,316.2,13,316.19,700,316.18,72,316.39,512,316.4,175,316.41,437,316.42,155,316.46,34,316.47,227,316.48,534,316.49,690,316.5,34,316.51,316.33
2025-06-04 10:32:00,287,316.23,37,316.22,236,316.21,58,316.2,148,316.19,1550,316.18,111,316.17,2200,316.16,10,316.15,165,316.14,50,316.34,18,316.35,32,316.36,100,316.38,133,316.4,28,316.41,646,316.42,34,316.43,38,316.44,142,316.45,316.28499999999997
2025-06-04 10:32:10,287,316.23,34,316.22,236,316.21,110,316.2,70,316.19,1584,316.18,111,316.17,2200,316.16,10,316.15,165,316.14,143,316.34,18,316.35,1,316.36,250,316.38,143,316.4,605,316.42,81,316.43,38,316.44,306,316.45,1184,316.46,316.28499999999997
2025-06-04 10:32:20,104,316.23,3,316.22,236,316.21,213,316.2,351,316.19,736,316.18,1145,316.17,2234,316.16,44,316.15,34,316.14,26,316.34,100,316.35,140,316.36,34,316.37,234,316.38,159,316.39,141,316.4,34,316.41,789,316.42,93,316.43,316.28499999999997
2025-06-04 10:32:30,35,316.14,134,316.13,85,316.12,429,316.11,711,316.1,2035,316.09,677,316.08,45,316.07,465,316.06,130,316.05,97,316.28,177,316.29,20,316.3,1134,316.31,134,316.32,109,316.33,131,316.34,37,316.35,299,316.36,34,316.37,316.21
2025-06-04 10:32:41,1000,315.99,150,315.98,241,315.97,204,315.96,1198,315.95,1681,315.94,137,315.93,187,315.92,644,315.91,1090,315.9,165,316.1,169,316.11,134,316.12,44,316.13,34,316.14,34,316.15,99,316.16,1034,316.17,34,316.18,92,316.19,316.045
2025-06-04 10:32:51,1234,316.1,321,316.09,227,316.08,223,316.07,1649,316.06,464,316.05,44,316.04,61,316.03,311,316.02,253,316.01,100,316.27,43,316.28,352,316.29,81,316.3,34,316.31,34,316.32,34,316.33,322,316.34,588,316.35,149,316.36,316.185
2025-06-04 10:33:01,34,316.02,287,316.01,706,316.0,1034,315.99,800,315.98,1,315.97,281,315.96,551,315.95,2337,315.94,603,315.93,122,316.18,150,316.19,77,316.22,43,316.23,38,316.24,34,316.25,84,316.26,430,316.27,469,316.28,428,316.29,316.1
2025-06-04 10:33:11,34,315.99,1284,315.98,35,315.97,1043,315.96,1048,315.95,284,315.94,1137,315.93,7,315.92,510,315.91,1406,315.9,72,316.15,161,316.16,188,316.17,228,316.18,184,316.19,109,316.2,82,316.21,44,316.22,81,316.23,274,316.24,316.07
2025-06-04 10:33:21,35,315.97,43,315.96,549,315.95,394,315.94,1137,315.93,1291,315.92,510,315.91,1406,315.9,111,315.89,15,315.88,299,316.09,169,316.12,3,316.13,3,316.14,3,316.15,109,316.16,188,316.17,385,316.18,184,316.19,34,316.2,316.03
2025-06-04 10:33:31,1114,316.05,34,316.04,275,316.03,1184,316.02,272,316.01,742,316.0,600,315.99,150,315.98,1,315.97,41,315.96,186,316.19,19,316.2,80,316.22,42,316.25,187,316.26,434,316.27,59,316.28,278,316.29,131,316.3,34,316.31,316.12
2025-06-04 10:33:41,34,316.04,135,316.03,1186,316.02,238,316.01,742,316.0,600,315.99,150,315.98,1,315.97,41,315.96,815,315.95,284,316.19,19,316.2,80,316.22,8,316.25,187,316.26,334,316.27,59,316.28,378,316.29,131,316.3,34,316.31,316.115
2025-06-04 10:33:51,1137,315.93,7,315.92,735,315.91,906,315.9,1161,315.89,15,315.88,802,315.87,2127,315.86,45,315.85,902,315.84,112,316.1,500,316.11,7,316.13,89,316.15,40,316.16,227,316.17,322,316.18,218,316.19,303,316.2,374,316.21,316.015
2025-06-04 10:34:01,1034,315.98,185,315.97,43,315.96,648,315.95,310,315.94,2103,315.93,3,315.92,635,315.91,1406,315.9,161,315.89,1,316.1,500,316.11,25,316.13,9,316.15,183,316.16,2,316.17,327,316.19,188,316.2,78,316.21,34,316.22,316.04
2025-06-04 10:34:11,34,315.99,1034,315.98,185,315.97,9,315.96,614,315.95,333,315.94,2253,315.93,3,315.92,1135,315.91,906,315.9,484,316.11,29,316.13,80,316.16,100,316.17,184,316.19,154,316.2,143,316.21,57,316.22,802,316.23,381,316.24,316.05
2025-06-04 10:34:21,387,315.93,37,315.92,469,315.91,940,315.9,1161,315.89,266,315.88,402,315.87,1000,315.86,2753,315.85,16,315.84,105,316.06,22,316.07,131,316.09,150,316.1,484,316.11,200,316.13,5,316.14,143,316.15,34,316.16,274,316.17,315.995
2025-06-04 10:34:31,69,315.92,444,315.91,940,315.9,11,315.89,1266,315.88,402,315.87,1000,315.86,195,315.85,116,315.84,232,315.83,166,316.06,22,316.07,311,316.09,366,316.1,484,316.11,39,316.14,143,316.15,49,316.16,318,316.17,759,316.18,315.99
2025-06-04 10:34:41,34,315.98,1035,315.97,1010,315.96,664,315.95,310,315.94,1253,315.93,3,315.92,1310,315.91,1407,315.9,161,315.89,214,316.09,50,316.1,484,316.11,1,316.12,20,316.14,115,316.17,129,316.18,228,316.19,154,316.2,118,316.21,316.03499999999997
2025-06-04 10:34:51,35,315.97,76,315.96,664,315.95,310,315.94,2253,315.93,3,315.92,1010,315.91,2417,315.9,161,315.89,15,315.88,178,316.09,50,316.1,588,316.11,21,316.12,29,316.15,44,316.16,128,316.17,80,316.18,472,316.19,1154,316.2,316.03
2025-06-04 10:35:01,1052,316.0,1000,315.99,1,315.97,10,315.96,764,315.95,560,315.94,1103,315.93,3,315.92,810,315.91,2417,315.9,389,316.11,34,316.13,13,316.17,5,316.18,213,316.19,1198,316.2,113,316.21,80,316.22,34,316.24,99,316.25,316.055
2025-06-04 10:35:11,1051,316.0,2000,315.99,2,315.97,10,315.96,764,315.95,560,315.94,1103,315.93,3,315.92,410,315.91,1417,315.9,190,316.11,34,316.13,13,316.17,2,316.18,213,316.19,281,316.2,158,316.21,134,316.24,99,316.25,37,316.26,316.055
2025-06-04 10:35:21,978,316.0,1000,315.99,2,315.97,68,315.96,1664,315.95,560,315.94,1253,315.93,3,315.92,410,315.91,1417,315.9,179,316.11,34,316.13,100,316.16,93,316.17,85,316.18,258,316.19,521,316.2,113,316.21,134,316.24,99,316.25,316.055
2025-06-04 10:35:31,978,316.0,1000,315.99,2,315.97,68,315.96,1764,315.95,560,315.94,1103,315.93,3,315.92,310,315.91,1417,315.9,53,316.11,34,316.16,64,316.17,298,316.18,338,316.19,521,316.2,113,316.21,200,316.23,34,316.24,249,316.25,316.055
2025-06-04 10:35:41,224,316.08,34,316.07,46,316.06,1134,316.05,284,316.04,71,316.02,347,316.01,1394,316.0,1000,315.99,502,315.97,337,316.19,477,316.2,19,316.21,125,316.23,174,316.25,3,316.26,34,316.27,344,316.28,1378,316.29,459,316.3,316.135
2025-06-04 10:35:51,134,316.07,196,316.06,34,316.05,184,316.04,34,316.03,1071,316.02,371,316.01,1394,316.0,1000,315.99,502,315.97,133,316.18,312,316.19,477,316.2,4,316.21,109,316.23,144,316.24,174,316.25,3,316.26,189,316.27,334,316.28,316.125
2025-06-04 10:36:01,196,316.06,34,316.05,184,316.04,10,316.03,1071,316.02,271,316.01,1394,316.0,1000,315.99,502,315.97,10,315.96,1,316.18,267,316.19,477,316.2,49,316.21,180,316.24,178,316.25,3,316.26,5,316.27,434,316.28,1278,316.29,316.12
2025-06-04 10:36:11,296,316.06,34,316.05,184,316.04,300,316.03,1105,316.02,271,316.01,1350,316.0,1000,315.99,502,315.97,10,315.96,135,316.18,266,316.19,477,316.2,4,316.21,66,316.22,180,316.23,1681,316.24,178,316.25,3,316.26,39,316.27,316.12
2025-06-04 10:36:21,296,316.06,34,316.05,204,316.04,300,316.03,1105,316.02,271,316.01,1350,316.0,1000,315.99,502,315.97,10,315.96,101,316.18,266,316.19,477,316.2,104,316.21,66,316.22,1761,316.24,178,316.25,37,316.26,39,316.27,587,316.28,316.12
2025-06-04 10:36:31,196,316.06,134,316.05,204,316.04,268,316.03,1105,316.02,271,316.01,1350,316.0,1000,315.99,502,315.97,10,315.96,133,316.18,266,316.19,543,316.2,4,316.21,100,316.22,180,316.23,1581,316.24,178,316.25,37,316.26,139,316.27,316.12
2025-06-04 10:36:41,195,316.06,34,316.05,55,316.04,268,316.03,1105,316.02,271,316.01,1627,316.0,1000,315.99,502,315.97,411,315.96,18,316.18,266,316.19,543,316.2,4,316.21,1581,316.24,178,316.25,317,316.26,39,316.27,337,316.28,1278,316.29,316.12
2025-06-04 10:36:51,55,316.04,134,316.03,1105,316.02,271,316.01,1627,316.0,1000,315.99,502,315.97,411,315.96,664,315.95,2355,315.94,42,316.18,516,316.19,643,316.2,4,316.21,100,316.22,80,316.23,1582,316.24,178,316.25,66,316.26,115,316.27,316.11
2025-06-04 10:37:01,195,316.06,134,316.05,35,316.04,544,316.03,135,316.02,1805,316.01,1377,316.0,1000,315.99,2,315.97,411,315.96,45,316.19,582,316.2,4,316.21,100,316.22,300,316.23,1582,316.24,292,316.25,287,316.26,63,316.27,231,316.28,316.125
2025-06-04 10:37:11,134,316.05,113,316.04,544,316.03,105,316.02,1805,316.01,1377,316.0,1000,315.99,2,315.97,411,315.96,2744,315.95,71,316.19,682,316.2,5,316.21,181,316.22,300,316.23,1582,316.24,222,316.25,187,316.26,63,316.27,231,316.28,316.12
2025-06-04 10:37:21,113,316.04,144,316.03,319,316.02,805,316.01,2311,316.0,1000,315.99,600,315.98,2,315.97,411,315.96,664,315.95,10,316.18,72,316.19,589,316.2,5,316.21,81,316.22,301,316.23,1622,316.24,222,316.25,137,316.26,134,316.27,316.11
2025-06-04 10:37:31,334,316.05,171,316.04,244,316.03,335,316.02,310,316.01,1311,316.0,1034,315.99,1100,315.98,2,315.97,1411,315.96,333,316.18,137,316.19,505,316.2,5,316.21,47,316.22,335,316.23,1622,316.24,222,316.25,287,316.26,63,316.27,316.115
2025-06-04 10:37:41,345,316.06,434,316.05,113,316.04,66,316.03,435,316.02,305,316.01,1311,316.0,34,315.99,1200,315.98,2,315.97,207,316.18,217,316.19,509,316.2,5,316.21,1101,316.22,335,316.23,1772,316.24,222,316.25,187,316.26,107,316.27,316.12
2025-06-04 10:37:51,267,315.98,736,315.97,745,315.96,698,315.95,434,315.94,1113,315.93,503,315.92,2313,315.91,928,315.9,161,315.89,206,316.11,79,316.12,100,316.13,80,316.14,200,316.15,100,316.17,74,316.18,459,316.19,742,316.2,492,316.21,316.045
2025-06-04 10:38:01,845,315.96,698,315.95,461,315.94,1147,315.93,37,315.92,1313,315.91,928,315.9,761,315.89,107,315.88,1502,315.87,395,316.1,319,316.11,35,316.12,217,316.13,194,316.14,100,316.15,63,316.16,504,316.17,484,316.18,201,316.19,316.03
2025-06-04 10:38:11,445,315.96,1045,315.95,634,315.94,247,315.93,137,315.92,1077,315.91,962,315.9,661,315.89,75,315.88,1502,315.87,1085,316.1,120,316.11,64,316.12,62,316.13,428,316.14,135,316.15,231,316.16,125,316.17,484,316.18,221,316.19,316.03
2025-06-04 10:38:21,494,315.93,37,315.92,227,315.91,1042,315.9,195,315.89,159,315.88,536,315.87,2000,315.86,88,315.85,1000,315.84,114,316.05,123,316.06,252,316.07,149,316.08,1233,316.09,441,316.1,234,316.11,134,316.12,146,316.13,378,316.14,315.99
2025-06-04 10:38:31,1262,315.9,195,315.89,239,315.88,36,315.87,1034,315.86,122,315.85,558,315.84,1222,315.83,543,315.82,1752,315.81,10,316.01,31,316.02,213,316.03,183,316.04,21,316.05,184,316.07,347,316.08,1157,316.09,576,316.1,295,316.11,315.955
2025-06-04 10:38:41,1034,315.86,540,315.85,775,315.84,356,315.83,543,315.82,1252,315.81,492,315.8,51,315.79,1400,315.78,651,315.77,35,316.0,92,316.01,1102,316.02,103,316.03,104,316.04,1,316.05,34,316.06,191,316.07,531,316.08,184,316.09,315.93
2025-06-04 10:38:51,59,315.88,136,315.87,1034,315.86,240,315.85,238,315.84,356,315.83,572,315.82,2252,315.81,492,315.8,1,315.79,24,316.0,28,316.01,1002,316.02,3,316.03,4,316.04,81,316.05,200,316.06,113,316.07,243,316.08,34,316.09,315.94
2025-06-04 10:39:01,74,315.91,1042,315.9,45,315.89,59,315.88,203,315.87,2534,315.86,206,315.85,204,315.84,822,315.83,43,315.82,6,316.04,20,316.06,80,316.07,388,316.08,1000,316.09,377,316.1,36,316.11,343,316.12,181,316.13,228,316.14,315.975
2025-06-04 10:39:11,276,315.87,1034,315.86,289,315.85,3270,315.84,356,315.83,1043,315.82,1252,315.81,1491,315.8,1,315.79,1400,315.78,58,316.01,115,316.02,482,316.04,144,316.05,144,316.07,543,316.08,1384,316.09,205,316.1,186,316.11,78,316.12,315.94
2025-06-04 10:39:21,3263,315.84,3356,315.83,77,315.82,1286,315.81,491,315.8,501,315.79,1000,315.78,501,315.77,50,315.76,4593,315.75,100,316.0,221,316.01,1001,316.02,109,316.03,529,316.04,278,316.05,143,316.06,189,316.07,281,316.08,184,316.09,315.91999999999996
2025-06-04 10:39:31,45,315.89,168,315.88,183,315.87,34,315.86,297,315.85,3763,315.84,4258,315.83,18,315.82,1252,315.81,991,315.8,1000,316.02,26,316.03,482,316.04,224,316.05,268,316.07,225,316.08,134,316.09,48,316.1,41,316.11,143,316.12,315.955
2025-06-04 10:39:41,288,315.85,3263,315.84,3258,315.83,1052,315.82,2352,315.81,491,315.8,801,315.79,601,315.77,5163,315.76,2506,315.75,151,316.0,125,316.01,1035,316.02,115,316.03,482,316.04,244,316.05,34,316.06,418,316.07,234,316.08,34,316.09,315.925
2025-06-04 10:39:51,125,315.89,96,315.88,136,315.87,332,315.86,2743,315.85,3263,315.84,3758,315.83,52,315.82,1252,315.81,991,315.8,1001,316.02,99,316.03,482,316.04,224,316.05,134,316.06,239,316.07,34,316.08,134,316.09,92,316.1,145,316.11,315.955
2025-06-04 10:40:01,1743,315.85,3263,315.84,4258,315.83,52,315.82,1852,315.81,991,315.8,1,315.79,2412,315.77,3075,315.76,3137,315.75,4,316.01,1014,316.02,15,316.03,482,316.04,324,316.05,134,316.06,239,316.07,143,316.08,34,316.09,165,316.1,315.93
2025-06-04 10:40:11,968,315.9,45,315.89,49,315.88,136,315.87,179,315.86,1743,315.85,3263,315.84,4724,315.83,18,315.82,2752,315.81,229,316.04,15,316.05,209,316.06,249,316.07,81,316.08,1034,316.09,145,316.1,36,316.11,34,316.12,184,316.13,315.97
2025-06-04 10:40:21,34,315.98,284,315.97,34,315.96,79,315.95,505,315.94,1534,315.93,231,315.92,444,315.91,968,315.9,161,315.89,11,316.1,2,316.11,14,316.13,508,316.14,84,316.15,1434,316.16,35,316.17,143,316.18,128,316.19,417,316.2,316.04
2025-06-04 10:40:31,273,316.04,61,316.03,34,316.02,239,316.01,626,316.0,1034,315.99,6000,315.98,1,315.97,500,315.96,500,315.95,1,316.17,118,316.19,383,316.2,91,316.21,310,316.22,1034,316.23,1662,316.24,63,316.25,318,316.26,34,316.27,316.105
2025-06-04 10:40:41,272,316.04,71,316.03,405,316.02,566,316.01,235,316.0,2000,315.99,6000,315.98,1,315.97,2730,315.95,1160,315.94,59,316.19,393,316.2,64,316.21,390,316.22,1628,316.24,318,316.25,247,316.26,34,316.27,38,316.28,66,316.29,316.115
2025-06-04 10:40:51,294,316.06,34,316.05,122,316.04,395,316.03,1258,316.02,534,316.01,122,316.0,1000,315.99,6250,315.98,58,315.96,90,316.18,72,316.19,393,316.2,16,316.21,402,316.22,134,316.23,1728,316.24,313,316.25,247,316.26,34,316.27,316.12
2025-06-04 10:41:01,1185,316.06,234,316.05,269,316.04,71,316.03,124,316.02,534,316.01,141,316.0,1500,315.99,6250,315.98,2084,315.96,209,316.2,184,316.21,322,316.22,180,316.23,1681,316.24,360,316.25,238,316.26,143,316.27,43,316.28,184,316.29,316.13
2025-06-04 10:41:11,234,316.05,122,316.04,520,316.03,1184,316.02,534,316.01,188,316.0,1547,315.99,6150,315.98,100,315.96,3244,315.94,100,316.18,221,316.19,387,316.2,16,316.21,322,316.22,100,316.23,1681,316.24,563,316.25,138,316.26,34,316.27,316.115
2025-06-04 10:41:21,1040,315.99,6231,315.98,34,315.97,1260,315.94,50,315.92,1900,315.91,1034,315.9,961,315.89,18,315.88,2,315.87,35,316.1,11,316.11,90,316.12,243,316.13,80,316.16,3,316.17,241,316.18,493,316.19,490,316.2,241,316.21,316.045
2025-06-04 10:41:31,81,315.96,34,315.95,294,315.94,1050,315.92,1900,315.91,934,315.9,461,315.89,518,315.88,1002,315.87,2220,315.86,22,316.1,51,316.11,266,316.12,80,316.13,212,316.15,135,316.16,392,316.17,355,316.18,491,316.19,524,316.2,316.03
2025-06-04 10:41:41,2013,315.9,195,315.89,52,315.88,1002,315.87,1125,315.86,1209,315.85,3479,315.84,4024,315.83,18,315.82,1102,315.81,67,316.04,85,316.05,245,316.06,257,316.07,1,316.08,152,316.09,101,316.1,82,316.11,125,316.12,431,316.13,315.97
2025-06-04 10:41:51,1055,315.9,195,315.89,52,315.88,186,315.87,231,315.86,643,315.85,3263,315.84,3258,315.83,118,315.82,3697,315.81,14,316.06,34,316.07,152,316.08,85,316.09,322,316.1,184,316.11,343,316.12,234,316.13,81,316.14,85,316.15,315.98
2025-06-04 10:42:01,195,315.89,52,315.88,186,315.87,299,315.86,1093,315.85,3263,315.84,3224,315.83,518,315.82,1102,315.81,491,315.8,25,316.0,59,316.02,50,316.03,18,316.05,83,316.06,5,316.07,134,316.08,85,316.09,143,316.1,322,316.11,315.945
2025-06-04 10:42:11,186,315.87,201,315.86,1093,315.85,3263,315.84,3224,315.83,18,315.82,1102,315.81,491,315.8,1601,315.79,300,315.78,355,316.0,20,316.01,59,316.02,50,316.03,98,316.05,3,316.06,105,316.07,92,316.08,85,316.09,293,316.1,315.935
2025-06-04 10:42:21,98,315.85,4263,315.84,3258,315.83,202,315.82,1102,315.81,491,315.8,1601,315.79,1300,315.78,651,315.77,5139,315.76,6,315.98,33,315.99,190,316.0,20,316.01,50,316.03,183,316.05,305,316.06,34,316.07,284,316.08,373,316.09,315.915
2025-06-04 10:42:31,1012,315.9,45,315.89,152,315.88,2152,315.87,1035,315.86,64,315.85,3229,315.84,3724,315.83,468,315.82,1102,315.81,22,316.06,142,316.07,139,316.08,168,316.09,5,316.1,398,316.11,373,316.12,175,316.13,75,316.14,185,316.15,315.98
2025-06-04 10:42:41,274,315.94,2066,315.93,342,315.92,234,315.91,1022,315.9,511,315.89,118,315.88,201,315.87,1025,315.86,64,315.85,86,316.1,22,316.11,339,316.12,237,316.14,394,316.15,34,316.16,124,316.17,356,316.18,385,316.19,285,316.2,316.02
2025-06-04 10:42:51,516,315.99,886,315.98,1065,315.97,34,315.96,184,315.95,92,315.93,658,315.92,1475,315.91,988,315.9,11,315.89,5,316.12,39,316.14,131,316.15,307,316.17,101,316.18,35,316.19,238,316.2,201,316.21,203,316.22,412,316.23,316.055
2025-06-04 10:43:01,34,315.93,136,315.92,825,315.91,1988,315.9,11,315.89,818,315.88,252,315.87,1025,315.86,839,315.85,5317,315.84,165,316.08,187,316.09,22,316.1,180,316.11,240,316.14,351,316.15,34,316.16,188,316.17,323,316.18,185,316.19,316.005
2025-06-04 10:43:11,34,315.94,1134,315.93,36,315.92,1009,315.91,988,315.9,30,315.89,4268,315.88,252,315.87,1025,315.86,799,315.85,87,316.07,109,316.08,50,316.09,22,316.1,135,316.11,80,316.13,548,316.14,644,316.15,134,316.16,188,316.17,316.005
2025-06-04 10:43:21,66,315.97,34,315.96,34,315.95,274,315.94,1184,315.93,339,315.92,1325,315.91,988,315.9,12,315.89,3768,315.88,45,316.08,50,316.09,30,316.1,34,316.13,100,316.14,460,316.15,100,316.16,38,316.17,35,316.18,323,316.19,316.025
2025-06-04 10:43:31,66,315.97,34,315.96,184,315.95,374,315.94,1184,315.93,41,315.92,825,315.91,988,315.9,252,315.89,4318,315.88,86,316.08,92,316.09,130,316.1,100,316.11,138,316.13,20,316.14,460,316.15,188,316.17,35,316.18,364,316.19,316.025
2025-06-04 10:43:41,134,315.96,184,315.95,134,315.94,184,315.93,247,315.92,825,315.91,988,315.9,12,315.89,1568,315.88,102,315.87,2,316.07,77,316.08,192,316.09,25,316.1,100,316.11,80,316.13,83,316.14,460,316.15,188,316.17,140,316.18,316.015
2025-06-04 10:43:52,34,315.96,184,315.95,92,315.94,150,315.93,7,315.92,1325,315.91,988,315.9,12,315.89,1068,315.88,107,315.87,76,316.08,96,316.09,50,316.1,141,316.11,80,316.13,125,316.14,160,316.15,292,316.17,311,316.18,35,316.19,316.02
2025-06-04 10:44:02,66,315.97,274,315.96,184,315.95,34,315.94,250,315.93,7,315.92,825,315.91,988,315.9,512,315.89,1568,315.88,67,316.08,94,316.09,126,316.1,100,316.11,166,316.14,160,316.15,442,316.17,301,316.18,35,316.19,248,316.2,316.025
2025-06-04 10:44:12,66,315.97,34,315.96,184,315.95,66,315.94,250,315.93,7,315.92,825,315.91,988,315.9,512,315.89,1568,315.88,47,316.08,121,316.09,126,316.1,100,316.11,80,316.13,86,316.14,160,316.15,90,316.16,442,316.17,301,316.18,316.025
2025-06-04 10:44:22,899,316.01,5194,316.0,1507,315.99,886,315.98,66,315.97,34,315.96,1650,315.95,507,315.92,725,315.91,988,315.9,20,316.14,59,316.15,118,316.17,401,316.18,1,316.19,215,316.2,101,316.21,212,316.22,441,316.23,1618,316.24,316.075
2025-06-04 10:44:32,35,316.07,146,316.06,655,316.05,1001,316.04,2,316.03,2,316.02,418,316.01,5160,316.0,1023,315.99,852,315.98,218,316.2,147,316.21,23,316.22,310,316.23,1783,316.24,279,316.25,213,316.26,50,316.27,4,316.28,5,316.29,316.135
2025-06-04 10:44:42,242,316.03,210,316.02,1208,316.01,5170,316.0,390,315.99,1352,315.98,32,315.97,500,315.96,250,315.95,2436,315.92,19,316.17,282,316.18,71,316.19,161,316.2,67,316.21,343,316.22,301,316.23,1584,316.24,429,316.25,213,316.26,316.1
2025-06-04 10:44:52,34,316.07,146,316.06,1135,316.05,1,316.04,4,316.03,274,316.02,183,316.01,5170,316.0,150,315.99,852,315.98,5,316.18,15,316.19,161,316.2,67,316.21,186,316.22,381,316.23,1589,316.24,279,316.25,213,316.26,50,316.27,316.125
2025-06-04 10:45:02,1034,316.12,184,316.11,84,316.1,100,316.09,1,316.08,112,316.06,250,316.05,535,316.03,194,316.02,624,316.01,303,316.23,1601,316.24,279,316.25,4,316.26,230,316.27,70,316.28,114,316.29,598,316.3,101,316.31,50,316.33,316.175
2025-06-04 10:45:12,35,316.14,109,316.13,1100,316.12,50,316.1,90,316.09,251,316.08,650,316.07,1112,316.06,360,316.04,103,316.03,223,316.25,6,316.26,85,316.27,9,316.28,409,316.29,608,316.3,237,316.31,80,316.32,50,316.33,5,316.34,316.195
2025-06-04 10:45:22,35,316.14,109,316.13,1100,316.12,50,316.1,90,316.09,251,316.08,651,316.07,1112,316.06,300,316.04,103,316.03,151,316.25,6,316.26,85,316.27,9,316.28,409,316.29,608,316.3,237,316.31,146,316.32,50,316.33,5,316.34,316.195
2025-06-04 10:45:32,33,316.14,209,316.13,1000,316.12,50,316.1,58,316.09,251,316.08,651,316.07,1112,316.06,300,316.04,102,316.03,142,316.25,7,316.26,85,316.27,9,316.28,409,316.29,608,316.3,237,316.31,80,316.32,50,316.33,5,316.34,316.195
2025-06-04 10:45:42,115,316.14,109,316.13,150,316.11,274,316.1,1000,316.09,251,316.08,751,316.07,1112,316.06,300,316.04,102,316.03,616,316.25,107,316.26,166,316.27,10,316.28,546,316.29,608,316.3,200,316.33,5,316.34,256,316.35,147,316.36,316.195
2025-06-04 10:45:52,35,316.14,109,316.13,1000,316.12,150,316.11,274,316.1,351,316.08,651,316.07,1112,316.06,300,316.04,102,316.03,542,316.25,107,316.26,86,316.27,42,316.28,627,316.29,608,316.3,200,316.33,5,316.34,256,316.35,6,316.36,316.195
2025-06-04 10:46:02,385,316.2,34,316.19,500,316.18,1,316.17,157,316.16,454,316.15,1011,316.14,1500,316.13,150,316.11,550,316.1,96,316.33,108,316.34,33,316.35,56,316.38,112,316.39,410,316.4,89,316.41,135,316.42,300,316.43,406,316.44,316.265
2025-06-04 10:46:12,272,316.23,1180,316.22,550,316.21,5,316.2,102,316.19,500,316.18,550,316.17,1157,316.16,300,316.15,11,316.14,1,316.38,111,316.39,132,316.4,62,316.41,190,316.42,400,316.43,118,316.44,72,316.45,65,316.46,190,316.47,316.305
2025-06-04 10:46:22,931,316.21,39,316.2,35,316.19,684,316.18,1,316.17,257,316.16,85,316.14,2000,316.13,500,316.11,50,316.1,100,316.34,183,316.35,28,316.36,162,316.38,261,316.39,181,316.4,259,316.41,241,316.42,477,316.43,43,316.44,316.275
2025-06-04 10:46:32,1475,316.22,731,316.21,39,316.2,67,316.19,684,316.18,1,316.17,157,316.16,20,316.15,43,316.14,2000,316.13,28,316.34,5,316.35,80,316.36,86,316.37,200,316.38,201,316.39,174,316.4,150,316.41,319,316.42,477,316.43,316.28
2025-06-04 10:46:42,631,316.21,41,316.2,67,316.19,650,316.18,1,316.17,157,316.16,120,316.15,481,316.14,2000,316.13,500,316.11,93,316.33,37,316.34,5,316.35,81,316.37,191,316.39,274,316.4,209,316.41,299,316.42,377,316.43,43,316.44,316.27
2025-06-04 10:46:52,684,316.18,1,316.17,7,316.16,102,316.15,273,316.14,2000,316.13,400,316.11,380,316.1,2883,316.09,150,316.08,120,316.33,28,316.34,22,316.35,180,316.36,101,316.37,130,316.38,288,316.39,179,316.4,150,316.41,62,316.42,316.255
2025-06-04 10:47:02,1516,316.22,684,316.21,41,316.2,35,316.19,500,316.18,1,316.17,157,316.16,11,316.15,1801,316.14,2000,316.13,92,316.33,52,316.34,1,316.35,1,316.37,101,316.38,51,316.39,368,316.4,198,316.42,330,316.43,143,316.44,316.275
2025-06-04 10:47:12,284,316.3,578,316.29,1034,316.28,81,316.27,34,316.26,311,316.25,534,316.24,29,316.23,1132,316.22,1050,316.21,2,316.42,13,316.44,50,316.45,328,316.46,130,316.47,162,316.48,289,316.49,293,316.5,135,316.51,199,316.52,316.36
2025-06-04 10:47:22,534,316.33,1185,316.32,84,316.31,34,316.3,150,316.28,33,316.27,1100,316.26,137,316.25,150,316.24,56,316.23,101,316.47,186,316.48,146,316.49,292,316.5,102,316.51,141,316.52,302,316.53,217,316.54,2486,316.55,135,316.56,316.4
2025-06-04 10:47:32,1034,316.26,72,316.25,284,316.24,32,316.23,337,316.22,584,316.21,1157,316.2,501,316.19,500,316.18,601,316.17,1,316.4,108,316.41,29,316.42,115,316.44,280,316.45,135,316.46,259,316.47,300,316.48,179,316.49,246,316.5,316.33
2025-06-04 10:47:42,184,316.35,181,316.34,1204,316.33,34,316.32,324,316.31,534,316.3,26,316.28,503,316.27,500,316.26,2215,316.25,470,316.5,269,316.51,152,316.53,425,316.54,2486,316.55,144,316.56,234,316.57,34,316.58,34,316.59,116,316.6,316.425
2025-06-04 10:47:52,54,316.33,274,316.32,140,316.31,500,316.3,1147,316.29,1150,316.28,3,316.27,1000,316.26,137,316.25,150,316.24,100,316.49,26,316.5,130,316.51,109,316.53,556,316.54,2405,316.55,35,316.56,122,316.57,34,316.58,1034,316.59,316.40999999999997
2025-06-04 10:48:02,34,316.26,71,316.25,231,316.24,100,316.23,322,316.22,550,316.21,1157,316.2,2001,316.19,500,316.18,1002,316.17,8,316.39,91,316.4,11,316.41,45,316.42,22,316.43,359,316.44,144,316.45,153,316.46,236,316.47,184,316.48,316.325
2025-06-04 10:48:12,34,316.38,276,316.37,534,316.36,34,316.35,500,316.33,152,316.31,650,316.3,142,316.29,2187,316.28,602,316.27,17,316.53,384,316.54,2420,316.55,81,316.56,50,316.57,100,316.59,163,316.6,143,316.61,155,316.62,497,316.63,316.455
2025-06-04 10:48:22,340,316.39,34,316.38,276,316.37,534,316.36,500,316.33,385,316.31,2737,316.3,752,316.27,37,316.25,250,316.23,325,316.54,2426,316.55,75,316.56,50,316.57,80,316.58,100,316.59,163,316.6,143,316.61,155,316.62,497,316.63,316.46500000000003
2025-06-04 10:48:32,81,316.44,284,316.43,34,316.42,293,316.41,34,316.4,500,316.39,242,316.37,100,316.35,262,316.34,1500,316.33,2027,316.55,1,316.56,112,316.57,241,316.59,82,316.6,100,316.61,81,316.62,313,316.63,237,316.64,195,316.65,316.495
2025-06-04 10:48:42,81,316.44,184,316.43,34,316.42,293,316.41,500,316.39,42,316.37,500,316.36,100,316.35,248,316.34,1000,316.33,1820,316.55,1,316.56,112,316.57,241,316.59,84,316.6,1,316.62,413,316.63,283,316.64,95,316.65,140,316.66,316.495
2025-06-04 10:48:52,34,316.46,35,316.45,1034,316.44,100,316.43,109,316.41,58,316.4,600,316.39,150,316.38,173,316.37,500,316.36,9,316.57,48,316.58,84,316.6,304,316.62,313,316.63,203,316.64,200,316.65,86,316.66,111,316.67,34,316.68,316.515
2025-06-04 10:49:02,661,316.5,1184,316.49,34,316.48,501,316.45,100,316.43,150,316.42,500,316.4,100,316.39,231,316.38,2116,316.37,251,316.62,341,316.63,203,316.64,14,316.65,306,316.66,296,316.67,79,316.69,582,316.7,100,316.71,335,316.72,316.56
2025-06-04 10:49:12,1134,316.49,34,316.48,34,316.47,651,316.45,100,316.43,150,316.42,500,316.4,440,316.38,2116,316.37,500,316.36,300,316.61,234,316.62,337,316.63,203,316.64,205,316.65,6,316.66,291,316.67,150,316.68,137,316.69,582,316.7,316.55
2025-06-04 10:49:22,34,316.46,1151,316.45,1000,316.44,100,316.43,150,316.42,1000,316.4,150,316.38,42,316.37,98,316.35,2374,316.34,35,316.58,166,316.59,299,316.6,270,316.61,234,316.62,414,316.63,383,316.64,118,316.65,156,316.66,111,316.67,316.52
2025-06-04 10:49:32,334,316.44,134,316.43,184,316.42,500,316.4,250,316.38,542,316.37,107,316.36,2000,316.35,300,316.34,1000,316.33,80,316.56,245,316.57,479,316.6,281,316.61,302,316.62,314,316.63,353,316.64,478,316.65,1190,316.66,145,316.67,316.5
2025-06-04 10:49:42,42,316.44,66,316.43,284,316.42,34,316.41,1500,316.4,250,316.38,543,316.37,1000,316.35,300,316.34,1000,316.33,71,316.56,146,316.57,343,316.6,281,316.61,302,316.62,154,316.63,261,316.64,512,316.65,1140,316.66,145,316.67,316.5
2025-06-04 10:49:52,334,316.43,484,316.42,34,316.41,340,316.38,543,316.37,500,316.36,1000,316.35,300,316.34,2000,316.33,150,316.32,1,316.55,257,316.56,51,316.57,59,316.58,240,316.59,343,316.6,281,316.61,382,316.62,151,316.63,383,316.64,316.49
2025-06-04 10:50:02,284,316.42,134,316.41,34,316.4,546,316.39,284,316.38,143,316.37,500,316.36,1000,316.35,800,316.34,1000,316.33,406,316.55,171,316.56,84,316.57,80,316.58,480,316.59,261,316.6,284,316.61,686,316.62,385,316.63,422,316.64,316.485
2025-06-04 10:50:12,184,316.42,34,316.41,34,316.4,34,316.39,365,316.38,1043,316.37,500,316.36,1000,316.35,800,316.34,1102,316.33,229,316.55,60,316.56,52,316.57,308,316.58,80,316.59,161,316.6,278,316.61,202,316.62,85,316.63,305,316.64,316.485
2025-06-04 10:50:22,1184,316.48,144,316.47,34,316.46,35,316.45,42,316.44,534,316.43,1134,316.42,34,316.41,348,316.39,250,316.38,72,316.6,302,316.61,246,316.62,51,316.63,203,316.64,523,316.65,73,316.66,145,316.67,34,316.68,254,316.69,316.54
2025-06-04 10:50:32,35,316.45,129,316.44,1184,316.43,1134,316.42,34,316.41,534,316.4,150,316.38,543,316.37,2120,316.36,400,316.34,129,316.6,304,316.61,41,316.62,231,316.63,237,316.64,577,316.65,224,316.66,146,316.67,274,316.68,396,316.69,316.525
2025-06-04 10:50:42,134,316.46,82,316.45,42,316.44,184,316.43,1034,316.42,34,316.41,534,316.4,129,316.39,2370,316.38,543,316.37,383,316.63,487,316.64,1557,316.65,191,316.66,246,316.67,95,316.68,332,316.69,720,316.7,103,316.71,1235,316.72,316.54499999999996
2025-06-04 10:50:52,460,316.5,1184,316.49,190,316.48,35,316.47,134,316.46,535,316.45,42,316.44,184,316.43,337,316.42,1500,316.41,385,316.62,380,316.63,203,316.64,444,316.65,41,316.66,117,316.67,37,316.68,555,316.69,720,316.7,1261,316.71,316.56
2025-06-04 10:51:02,135,316.45,42,316.44,184,316.43,534,316.42,1034,316.41,34,316.4,650,316.38,139,316.37,1500,316.36,100,316.35,1,316.58,17,316.59,63,316.6,29,316.61,663,316.62,352,316.63,440,316.64,478,316.65,191,316.66,37,316.67,316.515
2025-06-04 10:51:12,34,316.49,34,316.48,35,316.47,534,316.46,35,316.45,1142,316.44,150,316.43,1500,316.41,120,316.4,110,316.39,197,316.62,99,316.63,236,316.64,444,316.65,7,316.66,3,316.67,337,316.68,382,316.69,630,316.7,1273,316.71,316.555
2025-06-04 10:51:22,610,316.5,34,316.49,34,316.48,35,316.47,534,316.46,35,316.45,1108,316.44,150,316.43,72,316.42,1500,316.41,79,316.63,236,316.64,444,316.65,7,316.66,3,316.67,300,316.68,365,316.69,893,316.7,1143,316.71,1435,316.72,316.565
2025-06-04 10:51:32,590,316.51,460,316.5,34,316.49,34,316.48,35,316.47,684,316.46,535,316.45,1142,316.44,150,316.43,81,316.42,282,316.65,45,316.66,3,316.67,434,316.68,537,316.69,925,316.7,1143,316.71,1282,316.72,216,316.73,232,316.74,316.58
2025-06-04 10:51:42,590,316.51,460,316.5,34,316.49,34,316.48,275,316.47,684,316.46,535,316.45,1142,316.44,150,316.43,1000,316.41,142,316.63,34,316.64,277,316.65,7,316.66,17,316.67,534,316.68,517,316.69,922,316.7,1143,316.71,1282,316.72,316.57
2025-06-04 10:51:52,484,316.52,443,316.51,460,316.5,81,316.49,34,316.48,35,316.47,684,316.46,535,316.45,1142,316.44,150,316.43,113,316.63,34,316.64,277,316.65,7,316.66,3,316.67,334,316.68,287,316.69,923,316.7,1424,316.71,1282,316.72,316.575
2025-06-04 10:52:02,434,316.48,335,316.47,184,316.46,35,316.45,142,316.44,184,316.43,358,316.42,3000,316.41,20,316.4,1450,316.38,229,316.61,20,316.62,51,316.63,61,316.64,277,316.65,139,316.66,267,316.67,337,316.68,478,316.69,892,316.7,316.545
2025-06-04 10:52:12,184,316.43,78,316.42,1534,316.41,354,316.4,300,316.39,450,316.38,143,316.37,500,316.36,500,316.35,1000,316.34,221,316.56,51,316.57,100,316.58,272,316.59,250,316.6,140,316.62,354,316.63,1354,316.64,760,316.65,341,316.66,316.495
2025-06-04 10:52:22,134,316.38,77,316.37,34,316.36,267,316.35,484,316.34,1402,316.33,651,316.32,52,316.31,519,316.3,2052,316.29,210,316.51,29,316.52,380,316.54,1000,316.55,567,316.56,332,316.57,34,316.58,184,316.59,584,316.6,443,316.61,316.445
2025-06-04 10:52:32,34,316.38,339,316.37,334,316.36,181,316.35,184,316.34,136,316.33,185,316.32,251,316.31,519,316.3,600,316.29,104,316.51,13,316.52,390,316.53,329,316.54,1152,316.55,554,316.56,332,316.57,34,316.58,274,316.59,284,316.6,316.445
2025-06-04 10:52:42,703,316.3,34,316.29,34,316.28,199,316.27,1300,316.26,422,316.25,150,316.23,537,316.22,550,316.21,2449,316.2,196,316.44,34,316.46,330,316.48,1147,316.49,243,316.5,506,316.51,545,316.52,184,316.53,34,316.54,36,316.55,316.37
2025-06-04 10:52:52,34,316.28,290,316.27,1334,316.26,503,316.25,150,316.23,537,316.22,550,316.21,2449,316.2,501,316.19,1500,316.18,30,316.42,61,316.44,50,316.45,51,316.47,639,316.48,1150,316.49,463,316.5,744,316.51,344,316.52,34,316.53,316.35
2025-06-04 10:53:02,553,316.3,134,316.29,34,316.28,186,316.27,34,316.26,203,316.25,258,316.24,273,316.23,537,316.22,550,316.21,163,316.42,44,316.43,100,316.45,317,316.46,297,316.47,337,316.48,1564,316.49,143,316.5,294,316.51,44,316.52,316.36
2025-06-04 10:53:12,554,316.3,34,316.29,34,316.28,186,316.27,334,316.26,503,316.25,34,316.24,256,316.23,537,316.22,550,316.21,3,316.43,42,316.44,100,316.45,406,316.46,40,316.47,3,316.48,1034,316.49,423,316.5,774,316.51,344,316.52,316.365
2025-06-04 10:53:23,34,316.29,34,316.28,186,316.27,334,316.26,503,316.25,256,316.23,537,316.22,550,316.21,673,316.2,3574,316.19,1,316.43,42,316.44,100,316.45,306,316.46,40,316.47,5,316.48,1134,316.49,503,316.5,694,316.51,344,316.52,316.36
2025-06-04 10:53:33,554,316.3,34,316.29,34,316.28,186,316.27,334,316.26,456,316.25,256,316.23,584,316.22,550,316.21,669,316.2,40,316.43,60,316.44,100,316.45,49,316.46,16,316.47,403,316.48,1000,316.49,503,316.5,694,316.51,344,316.52,316.365
2025-06-04 10:53:43,156,316.25,646,316.24,434,316.23,371,316.22,584,316.21,369,316.2,1698,316.19,600,316.18,1,316.17,507,316.16,100,316.38,70,316.39,306,316.41,1471,316.42,175,316.43,150,316.44,87,316.45,225,316.46,34,316.47,336,316.48,316.315
2025-06-04 10:53:53,1035,316.19,534,316.18,135,316.17,341,316.16,499,316.15,300,316.13,500,316.12,150,316.11,753,316.1,145,316.09,21,316.32,52,316.33,599,316.34,1000,316.35,150,316.36,47,316.37,150,316.38,93,316.39,184,316.4,92,316.41,316.255
2025-06-04 10:54:03,35,316.17,341,316.16,486,316.15,134,316.14,100,316.13,47,316.12,272,316.11,653,316.1,500,316.09,157,316.08,127,316.31,544,316.32,377,316.33,26,316.34,1000,316.35,347,316.36,264,316.38,234,316.39,34,316.4,92,316.41,316.24
2025-06-04 10:54:13,634,316.18,35,316.17,341,316.16,336,316.15,134,316.14,34,316.13,284,316.11,653,316.1,500,316.09,157,316.08,105,316.31,285,316.32,414,316.33,45,316.34,1075,316.35,25,316.37,59,316.38,219,316.39,119,316.4,92,316.41,316.245
2025-06-04 10:54:23,634,316.18,135,316.17,341,316.16,336,316.15,34,316.14,125,316.12,682,316.11,653,316.1,497,316.08,4745,316.07,64,316.31,304,316.32,377,316.33,68,316.34,1125,316.35,105,316.37,59,316.38,269,316.39,64,316.4,299,316.41,316.245
2025-06-04 10:54:33,534,316.18,287,316.17,341,316.16,336,316.15,34,316.14,34,316.13,200,316.12,650,316.11,653,316.1,121,316.09,93,316.31,304,316.32,375,316.33,168,316.34,1125,316.35,50,316.36,59,316.37,139,316.38,369,316.39,59,316.4,316.245
2025-06-04 10:54:43,634,316.18,334,316.17,341,316.16,336,316.15,34,316.14,36,316.13,100,316.12,650,316.11,653,316.1,121,316.09,13,316.31,304,316.32,397,316.33,408,316.34,1135,316.35,139,316.37,632,316.38,419,316.39,106,316.4,59,316.41,316.245
2025-06-04 10:54:53,34,316.14,595,316.13,334,316.12,184,316.11,187,316.1,126,316.09,532,316.08,1605,316.07,351,316.06,1052,316.05,233,316.28,125,316.29,259,316.3,1008,316.31,25,316.32,397,316.33,202,316.34,1219,316.35,34,316.36,318,316.37,316.21
2025-06-04 10:55:03,295,316.13,100,316.12,696,316.11,534,316.1,334,316.09,500,316.08,1610,316.07,301,316.06,2,316.05,500,316.04,21,316.25,580,316.26,99,316.27,64,316.28,1042,316.29,1058,316.31,25,316.32,478,316.33,160,316.34,619,316.35,316.19
2025-06-04 10:55:13,486,316.13,134,316.12,472,316.11,234,316.1,363,316.09,534,316.08,1510,316.07,301,316.06,2,316.05,1500,316.04,23,316.25,69,316.26,50,316.27,250,316.28,1042,316.29,3,316.3,1008,316.31,106,316.32,481,316.33,269,316.34,316.19
2025-06-04 10:55:23,334,316.14,486,316.13,134,316.12,472,316.11,234,316.1,258,316.09,576,316.08,1510,316.07,301,316.06,2,316.05,1,316.26,21,316.27,319,316.28,1042,316.29,19,316.3,1008,316.31,75,316.32,481,316.33,369,316.34,169,316.35,316.2
2025-06-04 10:55:33,134,316.12,184,316.11,314,316.1,546,316.09,834,316.08,1910,316.07,301,316.06,2,316.05,500,316.04,152,316.03,240,316.25,314,316.26,350,316.27,29,316.28,1000,316.29,3,316.3,1097,316.31,59,316.32,431,316.33,799,316.34,316.185
2025-06-04 10:55:43,36,316.15,66,316.14,233,316.13,279,316.12,696,316.11,1087,316.1,610,316.08,1010,316.07,1001,316.06,502,316.05,199,316.27,80,316.28,240,316.3,1008,316.31,67,316.32,497,316.33,126,316.34,216,316.35,212,316.36,1139,316.37,316.21
2025-06-04 10:55:53,534,316.18,37,316.17,428,316.16,536,316.15,1034,316.14,186,316.13,1100,316.11,53,316.1,110,316.08,1260,316.07,878,316.31,63,316.32,447,316.33,126,316.34,135,316.35,103,316.36,1072,316.37,632,316.38,219,316.39,139,316.4,316.245
2025-06-04 10:56:03,184,316.27,143,316.26,81,316.25,134,316.24,435,316.23,631,316.22,534,316.21,469,316.2,1501,316.19,500,316.18,598,316.38,94,316.39,63,316.4,48,316.41,140,316.42,50,316.43,301,316.44,1164,316.45,83,316.46,59,316.47,316.325
2025-06-04 10:56:13,536,316.15,152,316.13,500,316.11,708,316.1,1240,316.09,1210,316.08,1160,316.07,2128,316.06,502,316.05,252,316.03,94,316.31,50,316.33,100,316.34,184,316.36,455,316.37,1706,316.38,110,316.39,209,316.4,239,316.41,215,316.42,316.23
2025-06-04 10:56:23,134,316.31,1384,316.3,134,316.29,81,316.28,1034,316.27,92,316.26,893,316.25,34,316.24,1569,316.23,37,316.22,122,316.44,50,316.45,52,316.46,59,316.47,334,316.48,338,316.49,8832,316.5,89,316.51,168,316.52,1034,316.53,316.375
2025-06-04 10:56:33,81,316.31,1284,316.3,134,316.29,284,316.28,1034,316.27,34,316.26,284,316.25,34,316.24,1535,316.23,61,316.22,37,316.45,15,316.46,26,316.47,51,316.48,335,316.49,8705,316.5,169,316.51,37,316.52,1190,316.53,34,316.54,316.38
2025-06-04 10:56:43,1490,316.3,134,316.29,34,316.28,1034,316.27,34,316.26,434,316.25,166,316.24,1537,316.23,3,316.22,2862,316.21,341,316.45,118,316.46,26,316.47,34,316.48,419,316.49,8706,316.5,89,316.51,68,316.52,1290,316.53,231,316.54,316.375
2025-06-04 10:56:53,334,316.27,34,316.26,184,316.25,32,316.24,1037,316.23,98,316.22,750,316.21,5419,316.2,2001,316.19,500,316.18,110,316.41,16,316.42,43,316.44,364,316.45,103,316.46,73,316.47,74,316.48,535,316.49,8816,316.5,89,316.51,316.34000000000003
2025-06-04 10:57:03,4362,316.2,1048,316.19,500,316.18,253,316.17,307,316.16,952,316.15,300,316.14,2,316.13,500,316.12,58,316.1,195,316.31,50,316.33,320,316.36,284,316.37,1000,316.38,160,316.39,360,316.41,447,316.42,150,316.43,336,316.44,316.255
2025-06-04 10:57:13,4262,316.2,1185,316.19,500,316.18,300,316.17,307,316.16,802,316.15,400,316.14,2,316.13,58,316.1,1000,316.09,217,316.31,25,316.32,50,316.33,43,316.36,604,316.37,1000,316.38,159,316.39,147,316.4,563,316.41,301,316.42,316.255
2025-06-04 10:57:23,1185,316.19,534,316.18,300,316.17,307,316.16,802,316.15,2,316.13,150,316.11,140,316.1,1000,316.09,110,316.08,179,316.31,54,316.32,50,316.33,80,316.35,26,316.36,524,316.37,1047,316.38,259,316.39,106,316.4,313,316.41,316.25
2025-06-04 10:57:33,134,316.25,34,316.24,1071,316.23,37,316.22,634,316.21,416,316.2,2651,316.19,500,316.18,503,316.17,7,316.16,50,316.39,121,316.4,13,316.41,2,316.42,221,316.43,359,316.44,263,316.45,261,316.46,301,316.47,677,316.48,316.32
2025-06-04 10:57:43,37,316.22,1484,316.21,416,316.2,1651,316.19,500,316.18,3,316.17,7,316.16,1652,316.15,800,316.14,2,316.13,32,316.34,872,316.35,100,316.36,43,316.37,50,316.39,101,316.4,16,316.41,158,316.42,269,316.43,459,316.44,316.28
2025-06-04 10:57:53,1384,316.21,403,316.2,1151,316.19,500,316.18,150,316.17,807,316.16,952,316.15,500,316.14,111,316.13,100,316.12,1,316.32,95,316.33,216,316.34,1172,316.35,58,316.38,159,316.39,180,316.4,410,316.41,302,316.42,100,316.43,316.265
2025-06-04 10:58:03,1484,316.21,403,316.2,1185,316.19,500,316.18,150,316.17,1807,316.16,952,316.15,500,316.14,2,316.13,100,316.12,91,316.33,274,316.34,1212,316.35,209,316.39,180,316.4,360,316.41,402,316.42,496,316.44,353,316.45,1288,316.46,316.27
2025-06-04 10:58:13,1484,316.21,403,316.2,1485,316.19,800,316.18,150,316.17,1507,316.16,652,316.15,500,316.14,2,316.13,150,316.11,148,316.33,266,316.34,1112,316.35,42,316.37,147,316.38,159,316.39,180,316.4,60,316.41,2,316.42,35,316.43,316.27
2025-06-04 10:58:23,1384,316.21,403,316.2,1485,316.19,810,316.18,103,316.17,1507,316.16,652,316.15,47,316.14,2,316.13,650,316.11,89,316.33,254,316.34,1117,316.35,101,316.36,83,316.37,80,316.38,209,316.39,100,316.4,114,316.41,1,316.42,316.27
2025-06-04 10:58:33,1684,316.21,703,316.2,1485,316.19,510,316.18,103,316.17,1507,316.16,699,316.15,2,316.13,340,316.12,650,316.11,118,316.33,228,316.34,1117,316.35,1,316.36,83,316.37,100,316.38,209,316.39,180,316.4,14,316.41,1,316.42,316.27
2025-06-04 10:58:43,1484,316.21,403,316.2,1485,316.19,810,316.18,103,316.17,1554,316.16,652,316.15,2,316.13,348,316.12,650,316.11,567,316.33,115,316.34,1117,316.35,1,316.36,83,316.37,159,316.39,100,316.4,97,316.41,148,316.42,33,316.43,316.27
2025-06-04 10:58:53,434,316.22,1484,316.21,403,316.2,1451,316.19,810,316.18,103,316.17,1554,316.16,652,316.15,97,316.13,240,316.12,367,316.33,115,316.34,1117,316.35,1,316.36,47,316.37,195,316.39,100,316.4,17,316.41,302,316.42,1,316.43,316.275
2025-06-04 10:59:03,734,316.22,1784,316.21,403,316.2,1151,316.19,510,316.18,243,316.17,1507,316.16,652,316.15,1049,316.13,83,316.12,376,316.33,115,316.34,1117,316.35,1,316.36,47,316.37,195,316.39,100,316.4,17,316.41,282,316.42,120,316.43,316.275
2025-06-04 10:59:13,434,316.22,1634,316.21,403,316.2,1451,316.19,810,316.18,35,316.17,1507,316.16,502,316.15,49,316.13,1,316.12,368,316.33,115,316.34,1160,316.35,1,316.36,47,316.37,80,316.38,295,316.39,100,316.4,17,316.41,212,316.42,316.275
2025-06-04 10:59:23,434,316.22,1634,316.21,403,316.2,1451,316.19,810,316.18,3,316.17,1507,316.16,502,316.15,49,316.13,750,316.11,542,316.33,115,316.34,1117,316.35,48,316.36,80,316.37,100,316.38,159,316.39,100,316.4,75,316.41,265,316.42,316.275
2025-06-04 10:59:33,434,316.22,1934,316.21,703,316.2,1451,316.19,510,316.18,3,316.17,1507,316.16,502,316.15,47,316.14,2,316.13,535,316.33,114,316.34,1117,316.35,148,316.36,80,316.38,159,316.39,136,316.4,75,316.41,265,316.42,67,316.43,316.275
2025-06-04 10:59:43,434,316.22,1934,316.21,703,316.2,1151,316.19,510,316.18,103,316.17,1554,316.16,502,316.15,2,316.13,49,316.12,746,316.33,114,316.34,1117,316.35,37,316.36,100,316.38,286,316.39,147,316.4,17,316.41,165,316.42,20,316.43,316.275
2025-06-04 10:59:53,1534,316.21,403,316.2,1151,316.19,810,316.18,403,316.17,1507,316.16,502,316.15,47,316.14,2,316.13,698,316.11,126,316.32,756,316.33,1117,316.35,37,316.36,100,316.37,185,316.38,159,316.39,147,316.4,257,316.41,265,316.42,316.265
2025-06-04 11:00:03,1634,316.21,403,316.2,1151,316.19,510,316.18,150,316.17,1507,316.16,502,316.15,20,316.13,1000,316.12,650,316.11,126,316.32,756,316.33,1117,316.35,1,316.36,159,316.39,263,316.4,17,316.41,155,316.42,48,316.43,341,316.44,316.265
2025-06-04 11:00:13,434,316.22,1634,316.21,450,316.2,1001,316.19,510,316.18,103,316.17,1507,316.16,1502,316.15,2,316.13,111,316.12,481,316.33,1239,316.35,1,316.36,80,316.37,159,316.39,136,316.4,97,316.41,955,316.42,95,316.43,341,316.44,316.275
2025-06-04 11:00:23,698,316.22,1900,316.21,669,316.2,1001,316.19,510,316.18,1504,316.17,7,316.16,551,316.15,126,316.13,1100,316.12,352,316.33,122,316.34,1141,316.35,118,316.36,207,316.39,100,316.4,117,316.41,955,316.42,181,316.43,307,316.44,316.275
2025-06-04 11:00:33,432,316.22,1500,316.21,369,316.2,1301,316.19,810,316.18,1604,316.17,157,316.16,551,316.15,104,316.13,100,316.12,303,316.33,122,316.34,1141,316.35,118,316.36,207,316.39,180,316.4,117,316.41,1055,316.42,1,316.43,307,316.44,316.275
2025-06-04 11:00:43,700,316.22,1900,316.21,369,316.2,1001,316.19,510,316.18,1504,316.17,157,316.16,651,316.15,1002,316.13,129,316.12,5,316.33,1263,316.35,38,316.36,80,316.38,207,316.39,101,316.4,17,316.41,955,316.42,11,316.43,387,316.44,316.275
2025-06-04 11:00:53,168,316.27,1001,316.26,100,316.25,437,316.23,149,316.22,2450,316.21,869,316.2,1001,316.19,510,316.18,4,316.17,1,316.39,101,316.4,15,316.41,1030,316.42,11,316.43,343,316.44,29,316.45,293,316.46,73,316.47,1,316.48,316.33
2025-06-04 11:01:03,300,316.29,110,316.27,1,316.26,100,316.25,437,316.23,149,316.22,2450,316.21,1019,316.2,1001,316.19,510,316.18,1,316.4,14,316.41,955,316.42,77,316.43,43,316.44,29,316.45,373,316.46,73,316.47,4,316.48,346,316.49,316.345
2025-06-04 11:01:13,1840,316.31,857,316.3,260,316.27,251,316.26,100,316.25,187,316.23,207,316.22,2450,316.21,869,316.2,1001,316.19,943,316.42,8,316.43,166,316.44,129,316.45,213,316.46,72,316.47,84,316.48,321,316.49,8833,316.5,56,316.51,316.365
2025-06-04 11:01:23,1887,316.31,1357,316.3,300,316.29,260,316.27,1,316.26,100,316.25,58,316.24,687,316.23,631,316.22,2350,316.21,1146,316.42,64,316.43,43,316.44,329,316.45,213,316.46,83,316.47,104,316.48,401,316.49,8786,316.5,206,316.51,316.365
2025-06-04 11:01:33,260,316.27,1301,316.26,400,316.25,687,316.23,601,316.22,1351,316.21,869,316.2,1002,316.19,510,316.18,244,316.17,46,316.39,162,316.4,117,316.41,937,316.42,2,316.43,54,316.44,409,316.45,213,316.46,136,316.47,58,316.48,316.33
2025-06-04 11:01:43,34,316.29,260,316.27,1001,316.26,100,316.25,280,316.23,1503,316.22,1450,316.21,1369,316.2,1001,316.19,510,316.18,115,316.4,39,316.41,957,316.42,2,316.43,7,316.44,429,316.45,293,316.46,36,316.47,53,316.48,528,316.49,316.345
2025-06-04 11:01:53,332,316.28,560,316.27,1001,316.26,100,316.25,687,316.23,559,316.22,1450,316.21,869,316.2,2001,316.19,510,316.18,43,316.4,22,316.41,957,316.42,2,316.43,107,316.44,365,316.45,293,316.46,36,316.47,3,316.48,389,316.49,316.34
2025-06-04 11:02:03,240,316.28,460,316.27,1301,316.26,300,316.25,187,316.23,540,316.22,1350,316.21,1469,316.2,1001,316.19,510,316.18,150,316.39,1202,316.4,1,316.41,959,316.42,2,316.43,87,316.44,465,316.45,213,316.46,186,316.47,61,316.48,316.335
2025-06-04 11:02:13,240,316.28,360,316.27,1301,316.26,300,316.25,187,316.23,503,316.22,1350,316.21,1469,316.2,1001,316.19,510,316.18,159,316.39,1202,316.4,47,316.41,959,316.42,2,316.43,57,316.44,429,316.45,293,316.46,176,316.47,3,316.48,316.335
2025-06-04 11:02:23,1001,316.26,187,316.23,503,316.22,1350,316.21,1269,316.2,1301,316.19,510,316.18,504,316.17,168,316.16,151,316.15,38,316.37,108,316.38,217,316.39,1202,316.4,47,316.41,959,316.42,82,316.43,57,316.44,729,316.45,513,316.46,316.315
2025-06-04 11:02:33,187,316.23,503,316.22,1350,316.21,769,316.2,1301,316.19,500,316.18,1004,316.17,157,316.16,162,316.15,300,316.14,200,316.36,221,316.38,385,316.39,1202,316.4,37,316.41,1039,316.42,5,316.43,154,316.44,779,316.45,513,316.46,316.295
2025-06-04 11:02:43,187,316.23,503,316.22,1350,316.21,469,316.2,1301,316.19,800,316.18,504,316.17,157,316.16,162,316.15,800,316.14,32,316.35,200,316.36,108,316.38,213,316.39,1202,316.4,81,316.41,959,316.42,2,316.43,583,316.44,779,316.45,316.29
2025-06-04 11:02:53,187,316.23,503,316.22,1350,316.21,469,316.2,1001,316.19,500,316.18,504,316.17,157,316.16,362,316.15,800,316.14,146,316.34,6,316.35,188,316.36,155,316.38,144,316.39,1205,316.4,381,316.41,1259,316.42,2,316.43,107,316.44,316.28499999999997
2025-06-04 11:03:03,34,316.25,487,316.23,803,316.22,1350,316.21,469,316.2,1001,316.19,500,316.18,504,316.17,510,316.16,351,316.15,206,316.36,16,316.37,108,316.38,179,316.39,1302,316.4,48,316.41,959,316.42,2,316.43,190,316.44,479,316.45,316.305
2025-06-04 11:03:13,240,316.24,487,316.23,803,316.22,1350,316.21,619,316.2,1001,316.19,500,316.18,504,316.17,249,316.16,451,316.15,117,316.36,31,316.37,108,316.38,53,316.39,1202,316.4,1,316.41,1094,316.42,82,316.43,7,316.44,76,316.45,316.3
2025-06-04 11:03:23,487,316.23,803,316.22,1350,316.21,619,316.2,1001,316.19,500,316.18,504,316.17,157,316.16,537,316.15,1800,316.14,60,316.35,111,316.36,1,316.37,109,316.38,153,316.39,1202,316.4,84,316.41,994,316.42,2,316.43,65,316.44,316.29
2025-06-04 11:03:33,503,316.22,1350,316.21,619,316.2,1301,316.19,800,316.18,504,316.17,157,316.16,351,316.15,856,316.14,2,316.13,348,316.33,14,316.34,3,316.35,78,316.36,101,316.37,109,316.38,111,316.39,1202,316.4,1,316.41,1074,316.42,316.275
2025-06-04 11:03:43,503,316.22,1350,316.21,619,316.2,1301,316.19,800,316.18,504,316.17,157,316.16,351,316.15,800,316.14,2,316.13,348,316.33,14,316.34,4,316.35,78,316.36,101,316.37,109,316.38,351,316.39,1202,316.4,1,316.41,1074,316.42,316.275
2025-06-04 11:03:53,1350,316.21,619,316.2,1001,316.19,500,316.18,504,316.17,457,316.16,651,316.15,800,316.14,2,316.13,21,316.12,5,316.32,350,316.33,4,316.35,78,316.36,299,316.37,349,316.38,171,316.39,1202,316.4,448,316.41,1409,316.42,316.265
2025-06-04 11:04:03,1350,316.21,619,316.2,1001,316.19,500,316.18,504,316.17,457,316.16,751,316.15,800,316.14,2,316.13,21,316.12,110,316.32,276,316.33,4,316.35,78,316.36,1,316.37,407,316.38,171,316.39,1202,316.4,588,316.41,1359,316.42,316.265
2025-06-04 11:04:13,1350,316.21,619,316.2,1001,316.19,500,316.18,504,316.17,307,316.16,651,316.15,300,316.14,2,316.13,21,316.12,122,316.32,276,316.33,3,316.34,4,316.35,78,316.36,539,316.37,189,316.38,91,316.39,1302,316.4,348,316.41,316.265
2025-06-04 11:04:23,1350,316.21,619,316.2,1301,316.19,800,316.18,504,316.17,7,316.16,351,316.15,300,316.14,2,316.13,32,316.12,91,316.32,286,316.33,3,316.34,4,316.35,78,316.36,299,316.37,289,316.38,91,316.39,1202,316.4,288,316.41,316.265
2025-06-04 11:04:33,1384,316.21,619,316.2,1,316.19,500,316.18,504,316.17,307,316.16,801,316.15,68,316.13,1032,316.12,750,316.11,99,316.32,386,316.33,4,316.35,113,316.36,81,316.37,156,316.38,65,316.39,540,316.4,552,316.41,1254,316.42,316.265
2025-06-04 11:04:43,403,316.2,48,316.19,650,316.18,4,316.17,39,316.16,601,316.15,105,316.14,68,316.13,1500,316.12,750,316.11,212,316.31,119,316.32,66,316.33,74,316.35,78,316.36,539,316.37,166,316.38,607,316.39,302,316.4,499,316.41,316.255
2025-06-04 11:04:53,293,316.14,1102,316.13,1000,316.12,550,316.11,358,316.1,600,316.08,40,316.07,440,316.06,1152,316.05,100,316.04,83,316.25,22,316.26,65,316.27,2,316.28,240,316.29,380,316.3,1210,316.31,39,316.32,110,316.33,83,316.34,316.195
2025-06-04 11:05:03,1036,316.13,1034,316.12,284,316.11,139,316.1,334,316.09,900,316.08,8,316.07,460,316.06,1152,316.05,100,316.04,240,316.26,88,316.27,2,316.28,1,316.29,468,316.3,1290,316.31,73,316.32,356,316.33,466,316.34,526,316.35,316.195
2025-06-04 11:05:13,1034,316.12,284,316.11,138,316.1,34,316.09,601,316.08,232,316.07,633,316.06,952,316.05,234,316.04,1303,316.03,216,316.23,18,316.25,68,316.27,182,316.28,241,316.29,371,316.3,1510,316.31,357,316.32,356,316.33,135,316.34,316.175
2025-06-04 11:05:23,91,316.1,34,316.09,259,316.08,704,316.07,1468,316.06,952,316.05,647,316.04,803,316.03,1002,316.02,4092,316.01,131,316.21,193,316.23,99,316.25,47,316.26,68,316.27,242,316.28,170,316.29,437,316.3,1689,316.31,444,316.32,316.155
2025-06-04 11:05:33,686,316.05,66,316.04,1103,316.03,1302,316.02,4139,316.01,5140,316.0,1400,315.99,852,315.98,504,315.97,650,315.96,307,316.18,149,316.19,178,316.2,52,316.21,240,316.22,240,316.23,1,316.24,202,316.25,33,316.26,216,316.27,316.115
2025-06-04 11:05:44,786,316.05,34,316.04,837,316.03,1013,316.02,4139,316.01,5940,316.0,1700,315.99,852,315.98,4,315.97,650,315.96,186,316.16,23,316.17,115,316.19,21,316.2,52,316.21,480,316.22,240,316.23,4,316.24,270,316.25,380,316.26,316.105
2025-06-04 11:05:54,536,316.05,34,316.04,903,316.03,1360,316.02,4392,316.01,5140,316.0,1300,315.99,852,315.98,604,315.97,650,315.96,1,316.16,105,316.17,115,316.19,21,316.2,52,316.21,100,316.22,240,316.23,81,316.24,20,316.25,475,316.27,316.105
2025-06-04 11:06:04,291,316.1,334,316.09,336,316.08,155,316.07,332,316.06,502,316.05,662,316.04,1403,316.03,1013,316.02,4093,316.01,2,316.21,203,316.23,1,316.24,71,316.25,66,316.27,80,316.28,101,316.29,156,316.3,1200,316.31,149,316.32,316.155
2025-06-04 11:06:14,34,316.09,36,316.08,155,316.07,1325,316.06,802,316.05,150,316.04,1403,316.03,1013,316.02,4093,316.01,5640,316.0,3,316.2,4,316.21,323,316.23,1,316.24,2,316.25,99,316.27,3,316.28,162,316.29,226,316.3,1500,316.31,316.145
2025-06-04 11:06:24,899,315.98,4,315.97,151,315.96,256,315.95,1000,315.94,850,315.93,2,315.92,625,315.91,1135,315.9,11,315.89,8,316.1,372,316.11,28,316.13,240,316.14,300,316.15,338,316.16,80,316.17,47,316.19,100,316.2,150,316.21,316.04
2025-06-04 11:06:34,4274,316.01,5190,316.0,1550,315.99,1152,315.98,304,315.97,151,315.96,586,315.95,500,315.94,350,315.93,1002,315.92,81,316.12,4,316.13,61,316.15,18,316.18,1,316.19,37,316.2,50,316.21,377,316.22,178,316.23,251,316.24,316.065
2025-06-04 11:06:44,726,316.07,337,316.06,186,316.05,381,316.04,1053,316.03,1513,316.02,4294,316.01,6190,316.0,1000,315.99,1002,315.98,24,316.2,68,316.21,450,316.22,278,316.23,331,316.24,111,316.25,66,316.27,97,316.28,4,316.29,407,316.3,316.135
2025-06-04 11:06:54,1513,316.02,4044,316.01,5491,316.0,1300,315.99,1502,315.98,104,315.97,151,315.96,38,315.95,500,315.94,350,315.93,22,316.14,65,316.15,240,316.17,341,316.18,58,316.19,50,316.2,130,316.21,450,316.22,206,316.23,501,316.24,316.08
2025-06-04 11:07:04,103,316.06,2,316.05,32,316.04,953,316.03,1613,316.02,5544,316.01,5186,316.0,1000,315.99,1002,315.98,4,315.97,1,316.17,1,316.18,4,316.19,5,316.21,471,316.22,228,316.23,251,316.24,2,316.25,66,316.27,350,316.29,316.115
2025-06-04 11:07:14,134,316.1,82,316.09,1034,316.08,34,316.07,137,316.06,3,316.05,32,316.04,953,316.03,1613,316.02,5044,316.01,178,316.23,251,316.24,100,316.25,100,316.26,66,316.27,350,316.28,81,316.29,216,316.3,1262,316.31,186,316.32,316.165
2025-06-04 11:07:24,290,316.11,454,316.1,606,316.09,1334,316.08,34,316.07,137,316.06,8,316.05,3250,316.04,953,316.03,1613,316.02,145,316.23,57,316.24,2,316.25,66,316.27,450,316.28,81,316.29,154,316.3,1262,316.31,248,316.32,97,316.33,316.17
2025-06-04 11:07:34,45,316.11,136,316.1,44,316.09,34,316.08,34,316.07,103,316.06,530,316.05,3250,316.04,4953,316.03,1613,316.02,214,316.23,19,316.24,2,316.25,38,316.26,66,316.27,300,316.28,1,316.29,73,316.3,1250,316.31,148,316.32,316.17
2025-06-04 11:07:44,345,316.11,436,316.1,194,316.09,34,316.08,1,316.07,103,316.06,520,316.05,3250,316.04,4953,316.03,3613,316.02,200,316.23,19,316.24,2,316.25,138,316.26,116,316.27,300,316.28,1,316.29,201,316.3,1350,316.31,228,316.32,316.17
2025-06-04 11:07:54,136,316.1,194,316.09,34,316.08,35,316.07,103,316.06,232,316.05,3000,316.04,5453,316.03,2513,316.02,4544,316.01,196,316.23,17,316.24,2,316.25,38,316.26,56,316.27,300,316.28,101,316.29,76,316.3,1480,316.31,148,316.32,316.165
2025-06-04 11:08:04,25,316.12,45,316.11,334,316.1,194,316.09,234,316.08,3,316.07,103,316.06,383,316.05,3000,316.04,5453,316.03,182,316.23,17,316.24,12,316.25,56,316.27,38,316.28,1,316.29,376,316.3,1280,316.31,198,316.32,197,316.33,316.175
2025-06-04 11:08:14,345,316.11,634,316.1,194,316.09,234,316.08,3,316.07,353,316.06,191,316.05,3000,316.04,4953,316.03,2513,316.02,309,316.23,17,316.24,112,316.25,67,316.26,56,316.27,51,316.29,406,316.3,1350,316.31,142,316.32,197,316.33,316.17
2025-06-04 11:08:24,334,316.13,125,316.12,45,316.11,334,316.1,184,316.09,200,316.08,3,316.07,853,316.06,40,316.05,3000,316.04,173,316.27,118,316.29,423,316.3,1200,316.31,113,316.32,97,316.33,147,316.34,79,316.35,113,316.36,185,316.37,316.2
2025-06-04 11:08:34,634,316.1,184,316.09,235,316.08,37,316.07,343,316.06,780,316.05,3000,316.04,4203,316.03,2513,316.02,5065,316.01,197,316.25,51,316.26,78,316.27,163,316.28,454,316.29,351,316.3,1464,316.31,39,316.32,206,316.33,35,316.34,316.175
2025-06-04 11:08:44,334,316.1,421,316.09,1501,316.08,151,316.07,103,316.06,168,316.05,3000,316.04,3803,316.03,3113,316.02,4544,316.01,97,316.25,42,316.26,78,316.27,48,316.28,391,316.29,461,316.3,1309,316.31,105,316.32,97,316.33,382,316.34,316.175
2025-06-04 11:08:54,185,316.07,138,316.06,468,316.05,3300,316.04,3803,316.03,3513,316.02,4144,316.01,5156,316.0,1500,315.99,1002,315.98,2,316.2,28,316.22,113,316.23,48,316.24,179,316.25,316,316.26,287,316.27,150,316.28,190,316.29,517,316.3,316.135
2025-06-04 11:09:04,5190,316.0,1000,315.99,1002,315.98,104,315.97,451,315.96,806,315.95,500,315.94,200,315.93,102,315.92,625,315.91,240,316.13,110,316.14,159,316.15,77,316.16,77,316.17,48,316.18,348,316.19,296,316.2,350,316.21,800,316.22,316.065
2025-06-04 11:09:14,637,316.06,158,316.05,3034,316.04,3837,316.03,2002,316.02,4294,316.01,5156,316.0,1000,315.99,1852,315.98,4,315.97,19,316.18,17,316.2,50,316.21,250,316.22,116,316.23,99,316.25,3,316.26,187,316.27,422,316.28,157,316.29,316.12
2025-06-04 11:09:24,3837,316.03,2036,316.02,4494,316.01,5456,316.0,1000,315.99,1352,315.98,154,315.97,651,315.96,106,315.95,300,315.94,3,316.15,7,316.16,28,316.17,86,316.19,5,316.2,53,316.21,350,316.22,76,316.24,387,316.25,300,316.26,316.09
2025-06-04 11:09:34,2036,316.02,4528,316.01,5557,316.0,1000,315.99,852,315.98,654,315.97,651,315.96,6,315.95,300,315.94,50,315.93,4,316.19,105,316.2,349,316.21,424,316.22,398,316.24,233,316.25,593,316.26,460,316.27,349,316.28,50,316.29,316.105
2025-06-04 11:09:44,5191,316.0,1034,315.99,886,315.98,154,315.97,252,315.96,6,315.95,800,315.94,350,315.93,2,315.92,1225,315.91,134,316.11,2,316.12,76,316.13,50,316.15,4,316.16,93,316.17,16,316.18,528,316.19,916,316.2,459,316.21,316.055
2025-06-04 11:09:54,5492,316.0,1334,315.99,852,315.98,154,315.97,252,315.96,6,315.95,500,315.94,50,315.93,300,315.92,2225,315.91,6,316.12,20,316.14,127,316.15,4,316.16,13,316.17,96,316.18,288,316.19,369,316.2,159,316.21,50,316.22,316.06
2025-06-04 11:10:04,82,316.07,407,316.06,1867,316.05,3634,316.04,3837,316.03,2002,316.02,4194,316.01,5258,316.0,1000,315.99,852,315.98,585,316.2,188,316.21,50,316.22,1,316.24,99,316.25,48,316.26,109,316.27,161,316.28,50,316.29,357,316.3,316.135
2025-06-04 11:10:14,4228,316.01,5339,316.0,1034,315.99,852,315.98,804,315.97,452,315.96,6,315.95,300,315.94,700,315.93,242,315.92,222,316.15,33,316.16,102,316.18,1,316.19,159,316.21,528,316.22,531,316.23,435,316.24,583,316.25,82,316.26,316.08
2025-06-04 11:10:24,2036,316.02,4078,316.01,5305,316.0,1000,315.99,1152,315.98,804,315.97,152,315.96,6,315.95,300,315.94,700,315.93,54,316.15,28,316.16,50,316.17,98,316.18,101,316.19,159,316.21,335,316.23,362,316.24,433,316.25,82,316.26,316.085
2025-06-04 11:10:34,1036,315.98,1038,315.97,186,315.96,106,315.95,200,315.93,1334,315.92,1775,315.91,2324,315.9,161,315.89,69,315.88,1,316.09,66,316.1,257,316.11,260,316.12,122,316.13,190,316.14,106,316.15,46,316.16,350,316.17,618,316.18,316.03499999999997
2025-06-04 11:10:44,1036,315.98,1038,315.97,232,315.96,139,315.95,200,315.93,1334,315.92,1775,315.91,2324,315.9,161,315.89,69,315.88,247,316.09,155,316.1,75,316.11,261,316.12,122,316.13,110,316.14,58,316.15,316,316.16,350,316.17,713,316.18,316.03499999999997
2025-06-04 11:10:54,1036,315.98,1038,315.97,185,315.96,139,315.95,32,315.94,247,315.93,1302,315.92,1776,315.91,2324,315.9,161,315.89,258,316.09,355,316.1,175,316.11,21,316.12,122,316.13,10,316.14,58,316.15,603,316.16,350,316.17,666,316.18,316.03499999999997
