DateTime,BidQty1,BidPrice1,BidQty2,BidPrice2,BidQty3,BidPrice3,BidQty4,BidPrice4,BidQty5,BidPrice5,BidQty6,BidPrice6,BidQty7,BidPrice7,BidQty8,BidPrice8,BidQty9,BidPrice9,BidQty10,BidPrice10,AskQty1,AskPrice1,AskQty2,AskPrice2,AskQty3,AskPrice3,AskQty4,AskPrice4,AskQty5,AskPrice5,AskQty6,AskPrice6,AskQty7,AskPrice7,AskQty8,AskPrice8,AskQty9,AskPrice9,AskQty10,AskPrice10,mid_price
2025-06-06 10:05:36,836,318.7,246,318.69,684,318.68,34,318.67,71,318.66,303,318.65,2155,318.64,1187,318.63,1000,318.62,177,318.61,3946,318.85,100,318.86,66,318.89,1768,318.9,34,318.91,34,318.92,134,318.93,66,318.94,1037,318.95,34,318.96,318.775
2025-06-06 10:05:46,429,318.69,984,318.68,334,318.67,571,318.66,134,318.65,1155,318.64,1187,318.63,177,318.61,139,318.6,1300,318.58,342,318.81,179,318.83,3768,318.85,60,318.88,140,318.89,1768,318.9,34,318.91,134,318.92,334,318.93,834,318.94,318.75
2025-06-06 10:05:56,38,318.73,34,318.72,54,318.71,245,318.7,329,318.69,1184,318.68,34,318.67,142,318.66,1134,318.65,1255,318.64,3768,318.85,192,318.87,34,318.89,1824,318.9,34,318.91,134,318.92,40,318.93,563,318.94,1037,318.95,34,318.96,318.79
2025-06-06 10:06:06,334,318.74,38,318.73,34,318.72,210,318.71,745,318.7,136,318.69,721,318.68,34,318.67,142,318.66,1134,318.65,3692,318.85,192,318.87,134,318.89,1759,318.9,34,318.91,94,318.92,69,318.93,534,318.94,1037,318.95,34,318.96,318.795
2025-06-06 10:06:16,34,318.74,38,318.73,221,318.72,210,318.71,536,318.7,36,318.69,784,318.68,143,318.67,500,318.66,1100,318.65,2184,318.85,213,318.89,1725,318.9,34,318.91,34,318.92,40,318.93,534,318.94,1037,318.95,34,318.96,34,318.97,318.795
2025-06-06 10:06:26,34,318.74,38,318.73,221,318.72,210,318.71,536,318.7,1002,318.69,750,318.68,500,318.66,100,318.65,1255,318.64,173,318.85,1,318.89,1725,318.9,218,318.91,6,318.93,500,318.94,1037,318.95,34,318.96,34,318.97,34,318.98,318.795
2025-06-06 10:06:36,135,318.79,229,318.78,417,318.77,198,318.76,135,318.75,34,318.74,306,318.73,1221,318.72,54,318.71,102,318.7,1641,318.9,660,318.94,1037,318.95,34,318.96,63,318.97,94,318.98,52,318.99,765,319.0,43,319.01,134,319.02,318.845
2025-06-06 10:06:46,229,318.78,527,318.77,498,318.76,435,318.75,34,318.74,38,318.73,684,318.72,54,318.71,219,318.7,502,318.69,1066,318.9,201,318.92,500,318.94,1003,318.95,34,318.96,94,318.97,34,318.98,52,318.99,765,319.0,43,319.01,318.84
2025-06-06 10:06:56,263,318.78,527,318.77,498,318.76,435,318.75,71,318.74,38,318.73,684,318.72,54,318.71,102,318.7,502,318.69,619,318.9,127,318.92,39,318.93,500,318.94,1003,318.95,94,318.96,34,318.97,134,318.98,79,318.99,790,319.0,318.84
2025-06-06 10:07:06,35,318.75,134,318.74,180,318.73,984,318.72,354,318.71,139,318.7,502,318.69,750,318.68,300,318.65,2005,318.64,743,318.9,100,318.91,344,318.93,506,318.94,1003,318.95,61,318.96,34,318.97,334,318.98,452,318.99,790,319.0,318.825
2025-06-06 10:07:16,569,318.8,35,318.79,429,318.78,417,318.77,198,318.76,72,318.75,1500,318.74,504,318.73,2020,318.71,2,318.7,1,318.98,383,318.99,791,319.0,76,319.01,1034,319.02,94,319.03,34,319.04,136,319.05,514,319.06,39,319.07,318.89
2025-06-06 10:07:26,435,318.86,2535,318.85,184,318.84,72,318.83,634,318.82,37,318.81,569,318.8,1535,318.79,1229,318.78,383,318.77,701,319.0,9,319.01,76,319.02,34,319.03,418,319.04,342,319.05,514,319.06,99,319.07,35,319.08,1061,319.09,318.93
2025-06-06 10:07:36,35,318.83,34,318.82,137,318.81,956,318.8,1535,318.79,229,318.78,383,318.77,164,318.76,1001,318.75,4,318.73,517,318.98,701,319.0,9,319.01,34,319.02,34,319.03,190,319.04,436,319.05,541,319.06,39,319.07,501,319.08,318.905
2025-06-06 10:07:46,2635,318.85,571,318.84,35,318.83,1034,318.82,137,318.81,1419,318.8,5035,318.79,114,318.78,383,318.77,664,318.76,274,318.98,681,319.0,9,319.01,32,319.02,34,319.03,34,319.04,39,319.05,514,319.06,39,319.07,35,319.08,318.915
2025-06-06 10:07:56,517,318.86,2635,318.85,34,318.84,35,318.83,1034,318.82,37,318.81,2035,318.8,5001,318.79,112,318.78,383,318.77,314,319.0,9,319.01,1,319.02,36,319.04,39,319.05,514,319.06,39,319.07,35,319.08,34,319.09,432,319.1,318.93
2025-06-06 10:08:06,347,318.87,517,318.86,2635,318.85,71,318.84,35,318.83,1034,318.82,3,318.81,2035,318.8,5001,318.79,212,318.78,382,319.0,11,319.01,36,319.04,5,319.05,515,319.06,39,319.07,35,319.08,94,319.09,432,319.1,1035,319.11,318.935
2025-06-06 10:08:16,71,318.84,35,318.83,334,318.82,437,318.81,1569,318.8,5135,318.79,112,318.78,383,318.77,664,318.76,501,318.75,504,319.0,138,319.01,60,319.02,34,319.03,40,319.04,320,319.05,515,319.06,339,319.07,435,319.08,184,319.09,318.91999999999996
2025-06-06 10:08:26,335,318.83,34,318.82,174,318.81,1569,318.8,5635,318.79,112,318.78,383,318.77,664,318.76,1,318.75,1000,318.74,16,318.99,547,319.0,11,319.01,134,319.03,100,319.04,320,319.05,515,319.06,66,319.07,135,319.08,570,319.09,318.90999999999997
2025-06-06 10:08:36,335,318.83,190,318.82,291,318.81,869,318.8,5935,318.79,146,318.78,383,318.77,164,318.76,1,318.75,1504,318.73,3,318.96,306,319.0,11,319.01,139,319.02,318,319.03,1394,319.04,36,319.05,815,319.06,589,319.07,435,319.08,318.895
2025-06-06 10:08:46,146,318.82,784,318.81,719,318.8,5435,318.79,646,318.78,383,318.77,164,318.76,1,318.75,1154,318.73,400,318.72,338,319.0,31,319.01,34,319.02,491,319.03,1340,319.04,396,319.05,915,319.06,66,319.07,35,319.08,184,319.09,318.90999999999997
2025-06-06 10:08:56,184,318.84,635,318.83,446,318.82,174,318.81,419,318.8,5135,318.79,146,318.78,917,318.77,164,318.76,1,318.75,343,319.0,63,319.01,134,319.02,117,319.03,1334,319.04,36,319.05,615,319.06,216,319.07,335,319.08,484,319.09,318.91999999999996
2025-06-06 10:09:06,335,318.85,134,318.84,35,318.83,34,318.82,137,318.81,1571,318.8,135,318.79,612,318.78,383,318.77,164,318.76,341,319.0,147,319.01,334,319.03,34,319.04,36,319.05,615,319.06,39,319.07,35,319.08,40,319.09,174,319.1,318.925
2025-06-06 10:09:16,508,318.87,716,318.86,35,318.85,270,318.84,335,318.83,334,318.82,137,318.81,1671,318.8,35,318.79,612,318.78,365,319.0,94,319.01,360,319.03,34,319.04,59,319.05,515,319.06,139,319.07,435,319.08,334,319.09,186,319.1,318.935
2025-06-06 10:09:26,247,318.87,716,318.86,72,318.85,34,318.84,335,318.83,334,318.82,137,318.81,1671,318.8,35,318.79,612,318.78,364,319.0,92,319.01,334,319.03,34,319.04,96,319.05,515,319.06,207,319.07,335,319.08,434,319.09,229,319.1,318.935
2025-06-06 10:09:36,452,318.85,66,318.84,335,318.83,334,318.82,174,318.81,2171,318.8,35,318.79,612,318.78,383,318.77,164,318.76,437,319.0,156,319.01,334,319.03,94,319.04,165,319.05,615,319.06,154,319.07,485,319.08,334,319.09,261,319.1,318.925
2025-06-06 10:09:46,34,318.84,191,318.83,288,318.82,226,318.81,2021,318.8,35,318.79,646,318.78,417,318.77,164,318.76,1,318.75,300,318.99,584,319.0,11,319.01,94,319.02,134,319.03,134,319.04,210,319.05,965,319.06,366,319.07,485,319.08,318.91499999999996
2025-06-06 10:09:56,34,318.87,166,318.86,185,318.85,147,318.84,504,318.83,684,318.82,137,318.81,1261,318.8,35,318.79,612,318.78,473,319.0,111,319.01,5,319.02,34,319.03,34,319.04,365,319.05,975,319.06,339,319.07,335,319.08,34,319.09,318.935
2025-06-06 10:10:06,135,318.84,452,318.83,34,318.82,237,318.81,1711,318.8,335,318.79,646,318.78,383,318.77,664,318.76,301,318.75,284,318.99,577,319.0,111,319.01,65,319.02,66,319.03,140,319.04,411,319.05,815,319.06,339,319.07,485,319.08,318.91499999999996
2025-06-06 10:10:16,34,318.84,489,318.83,66,318.82,235,318.81,1711,318.8,301,318.79,1112,318.78,483,318.77,14,318.76,2403,318.75,50,318.99,616,319.0,11,319.01,65,319.02,100,319.03,342,319.04,446,319.05,815,319.06,339,319.07,485,319.08,318.91499999999996
2025-06-06 10:10:26,63,318.88,123,318.87,166,318.86,185,318.85,140,318.84,752,318.83,334,318.82,194,318.81,1911,318.8,1,318.79,564,319.0,161,319.01,5,319.02,34,319.04,502,319.05,515,319.06,39,319.07,135,319.08,387,319.09,402,319.1,318.94
2025-06-06 10:10:36,34,318.89,399,318.88,571,318.87,66,318.86,341,318.85,1034,318.84,35,318.83,130,318.82,603,318.81,1377,318.8,339,319.0,209,319.01,5,319.02,58,319.04,408,319.05,515,319.06,39,319.07,35,319.08,34,319.09,213,319.1,318.945
2025-06-06 10:10:46,134,318.89,95,318.88,834,318.87,366,318.86,185,318.85,34,318.84,35,318.83,236,318.82,603,318.81,1414,318.8,290,319.0,210,319.01,5,319.02,58,319.04,408,319.05,608,319.06,39,319.07,195,319.08,34,319.09,207,319.1,318.945
2025-06-06 10:10:56,334,318.83,223,318.82,166,318.81,278,318.8,1035,318.79,146,318.78,417,318.77,3093,318.76,501,318.75,500,318.74,364,319.0,43,319.01,399,319.02,34,319.03,240,319.04,136,319.05,664,319.06,66,319.07,82,319.08,164,319.09,318.91499999999996
2025-06-06 10:11:06,34,318.85,284,318.84,34,318.83,75,318.82,810,318.81,395,318.8,1534,318.79,646,318.78,383,318.77,1164,318.76,476,319.0,119,319.01,39,319.02,34,319.03,334,319.04,242,319.05,514,319.06,66,319.07,194,319.08,100,319.09,318.925
2025-06-06 10:11:16,1534,318.89,154,318.88,381,318.87,334,318.86,34,318.85,184,318.84,34,318.83,75,318.82,634,318.81,178,318.8,370,319.0,101,319.01,5,319.02,100,319.03,334,319.04,196,319.05,514,319.06,66,319.07,82,319.08,147,319.09,318.945
2025-06-06 10:11:27,34,318.86,270,318.85,484,318.84,334,318.83,175,318.82,634,318.81,179,318.8,1000,318.79,1612,318.78,383,318.77,396,319.0,9,319.01,5,319.02,394,319.04,342,319.05,514,319.06,66,319.07,35,319.08,344,319.09,1379,319.1,318.93
2025-06-06 10:11:37,354,318.88,568,318.87,134,318.86,66,318.85,184,318.84,534,318.83,138,318.82,135,318.81,1329,318.8,1000,318.79,260,319.0,109,319.01,5,319.02,300,319.04,196,319.05,514,319.06,39,319.07,41,319.08,294,319.09,1079,319.1,318.94
2025-06-06 10:11:47,34,318.9,160,318.89,526,318.88,278,318.87,1534,318.86,67,318.85,184,318.84,1034,318.83,38,318.82,135,318.81,9,319.01,105,319.02,2,319.03,21,319.04,102,319.05,514,319.06,39,319.07,101,319.08,334,319.09,79,319.1,318.955
2025-06-06 10:11:57,184,319.12,63,319.11,334,319.1,434,319.09,221,319.08,4,319.06,532,319.05,1150,319.04,1500,319.03,303,319.02,167,319.28,100,319.29,90,319.3,302,319.31,144,319.32,34,319.33,141,319.34,541,319.35,432,319.36,438,319.37,319.2
2025-06-06 10:12:07,3034,319.15,134,319.14,150,319.12,300,319.1,300,319.09,37,319.08,100,319.07,32,319.06,100,319.05,1150,319.04,9,319.26,80,319.27,1,319.28,30,319.3,119,319.31,110,319.32,300,319.33,50,319.34,317,319.35,526,319.36,319.205
2025-06-06 10:12:17,34,319.19,534,319.18,34,319.17,150,319.14,337,319.13,300,319.12,600,319.11,150,319.1,179,319.08,200,319.07,200,319.3,5,319.32,20,319.33,50,319.34,149,319.35,76,319.36,300,319.37,23,319.38,1584,319.39,1015,319.4,319.245
2025-06-06 10:12:27,1034,319.23,34,319.22,34,319.21,34,319.2,437,319.19,300,319.18,142,319.17,500,319.16,232,319.15,650,319.14,70,319.36,333,319.37,70,319.38,1184,319.39,715,319.4,30,319.42,89,319.43,350,319.44,954,319.45,36,319.46,319.295
2025-06-06 10:12:37,100,319.38,783,319.35,300,319.34,300,319.33,150,319.32,100,319.31,32,319.29,650,319.28,400,319.27,1,319.26,90,319.5,75,319.51,5,319.56,107,319.57,51,319.58,64,319.59,1982,319.6,300,319.61,105,319.62,113,319.63,319.44
2025-06-06 10:12:47,300,319.39,300,319.38,537,319.37,783,319.35,169,319.34,500,319.33,150,319.32,1100,319.31,1000,319.3,150,319.28,171,319.5,75,319.51,13,319.55,5,319.56,7,319.57,20,319.58,105,319.59,1752,319.6,5,319.62,113,319.63,319.445
2025-06-06 10:12:57,303,319.39,450,319.38,100,319.37,139,319.36,783,319.35,537,319.34,500,319.33,150,319.32,1000,319.31,150,319.28,197,319.5,125,319.51,1,319.53,12,319.55,5,319.56,7,319.57,20,319.58,105,319.59,1852,319.6,5,319.62,319.445
2025-06-06 10:13:07,1034,319.39,150,319.38,100,319.37,783,319.35,500,319.34,800,319.33,450,319.32,1000,319.31,137,319.3,150,319.28,200,319.5,125,319.51,14,319.53,100,319.54,100,319.55,6,319.56,7,319.57,343,319.58,406,319.59,2002,319.6,319.445
2025-06-06 10:13:17,34,319.5,139,319.49,134,319.48,118,319.47,37,319.46,35,319.44,500,319.43,150,319.42,2199,319.41,100,319.39,1,319.65,11,319.66,101,319.67,103,319.68,4,319.69,3584,319.7,10,319.71,460,319.72,599,319.73,1060,319.74,319.575
2025-06-06 10:13:27,371,319.53,434,319.52,1,319.51,5,319.5,190,319.49,100,319.48,500,319.47,150,319.46,2099,319.45,100,319.43,225,319.69,3590,319.7,10,319.71,265,319.73,63,319.74,3228,319.75,136,319.76,265,319.77,242,319.78,542,319.79,319.61
2025-06-06 10:13:37,1000,319.54,500,319.53,300,319.52,361,319.51,5,319.5,217,319.49,100,319.48,57,319.47,150,319.46,100,319.45,161,319.66,500,319.67,125,319.68,110,319.69,3990,319.7,5,319.71,265,319.73,3,319.74,3228,319.75,102,319.76,319.6
2025-06-06 10:13:47,35,319.4,32,319.38,640,319.37,300,319.36,300,319.35,150,319.34,151,319.33,250,319.32,1000,319.31,1100,319.3,100,319.55,145,319.56,40,319.57,56,319.58,1000,319.59,319,319.6,51,319.61,450,319.62,300,319.63,34,319.64,319.475
2025-06-06 10:13:57,540,319.42,368,319.41,107,319.4,300,319.39,450,319.38,150,319.36,1100,319.35,500,319.33,100,319.32,1000,319.31,1,319.55,50,319.56,47,319.57,56,319.58,100,319.59,269,319.6,51,319.61,310,319.62,50,319.64,334,319.65,319.485
2025-06-06 10:14:07,34,319.39,254,319.37,155,319.36,300,319.35,150,319.34,900,319.33,1000,319.32,2034,319.31,451,319.3,100,319.28,112,319.5,5,319.53,30,319.54,5,319.55,32,319.59,172,319.6,1000,319.61,150,319.63,34,319.64,195,319.65,319.445
2025-06-06 10:14:17,34,319.39,222,319.37,125,319.36,800,319.35,150,319.34,400,319.33,1000,319.32,2034,319.31,451,319.3,100,319.28,117,319.5,50,319.51,5,319.53,30,319.54,32,319.58,100,319.59,72,319.6,1000,319.61,244,319.63,34,319.64,319.445
2025-06-06 10:14:27,219,319.3,34,319.29,300,319.28,300,319.26,1500,319.25,1000,319.24,200,319.23,1500,319.22,150,319.21,100,319.19,89,319.46,114,319.47,55,319.48,172,319.5,15,319.51,109,319.52,1065,319.53,134,319.54,34,319.55,184,319.56,319.38
2025-06-06 10:14:37,249,319.36,256,319.35,1068,319.34,34,319.33,400,319.31,1001,319.3,150,319.29,400,319.27,2589,319.26,1150,319.25,118,319.5,5,319.51,15,319.53,10,319.57,34,319.58,122,319.59,146,319.6,1094,319.61,80,319.62,234,319.63,319.43
2025-06-06 10:14:47,91,319.38,134,319.37,249,319.36,256,319.35,1034,319.34,500,319.32,400,319.31,1001,319.3,150,319.29,900,319.27,60,319.5,50,319.51,32,319.52,6,319.53,9,319.55,88,319.59,166,319.6,1094,319.61,34,319.62,334,319.63,319.44
2025-06-06 10:14:57,1143,319.39,184,319.38,1100,319.37,500,319.34,150,319.33,1000,319.32,501,319.3,150,319.29,353,319.27,2089,319.26,5,319.5,50,319.51,32,319.52,5,319.53,9,319.55,135,319.6,34,319.62,134,319.63,34,319.64,95,319.65,319.445
2025-06-06 10:15:07,109,319.39,1100,319.37,450,319.33,1000,319.32,1001,319.3,250,319.29,2106,319.26,250,319.25,150,319.19,124,319.16,47,319.5,50,319.51,32,319.52,5,319.53,50,319.56,8,319.57,135,319.6,100,319.63,237,319.65,134,319.66,319.445
2025-06-06 10:15:17,40,319.59,184,319.58,1734,319.57,336,319.56,1000,319.55,500,319.54,30,319.52,347,319.51,2755,319.5,528,319.49,2363,319.7,55,319.71,51,319.72,290,319.73,53,319.74,3431,319.75,401,319.76,235,319.77,61,319.78,209,319.79,319.645
2025-06-06 10:15:27,1040,319.59,34,319.58,1000,319.57,100,319.56,100,319.54,736,319.53,180,319.52,100,319.51,2857,319.5,528,319.49,2303,319.7,55,319.71,151,319.72,290,319.73,46,319.74,3481,319.75,361,319.76,235,319.77,1,319.78,309,319.79,319.645
2025-06-06 10:15:37,6,319.59,100,319.58,1000,319.57,100,319.56,150,319.55,32,319.54,500,319.53,30,319.52,140,319.51,2857,319.5,987,319.7,55,319.71,51,319.72,265,319.73,55,319.74,3486,319.75,201,319.76,335,319.77,1,319.78,209,319.79,319.645
2025-06-06 10:15:47,100,319.64,1109,319.6,150,319.59,500,319.58,100,319.56,150,319.55,228,319.52,2236,319.51,2857,319.5,128,319.49,9,319.75,251,319.76,236,319.77,1,319.78,267,319.79,3260,319.8,7,319.81,25,319.82,10,319.83,159,319.84,319.695
2025-06-06 10:15:57,100,319.64,1200,319.63,509,319.6,151,319.59,500,319.58,500,319.57,100,319.56,250,319.55,2,319.54,308,319.53,242,319.75,351,319.76,230,319.77,93,319.78,266,319.79,3546,319.8,7,319.81,25,319.82,93,319.83,159,319.84,319.695
2025-06-06 10:16:07,800,319.63,300,319.62,609,319.6,500,319.58,250,319.56,42,319.54,2140,319.53,150,319.52,100,319.51,2204,319.5,51,319.74,59,319.75,201,319.76,230,319.77,71,319.78,567,319.79,3546,319.8,67,319.81,25,319.82,10,319.83,319.685
2025-06-06 10:16:17,500,319.63,1000,319.62,609,319.6,500,319.59,150,319.56,238,319.54,100,319.53,224,319.52,3062,319.51,102,319.5,82,319.75,501,319.76,230,319.77,4,319.78,565,319.79,3726,319.8,7,319.81,25,319.82,10,319.83,219,319.84,319.69
2025-06-06 10:16:27,150,319.62,1400,319.6,100,319.59,289,319.55,1002,319.54,700,319.53,650,319.52,2,319.51,202,319.5,2065,319.49,10,319.73,101,319.74,41,319.75,31,319.76,121,319.77,80,319.78,508,319.79,3726,319.8,167,319.81,134,319.82,319.675
2025-06-06 10:16:37,346,319.67,500,319.66,100,319.65,109,319.64,150,319.63,550,319.6,500,319.58,101,319.56,2223,319.55,1002,319.54,209,319.79,3725,319.8,136,319.81,162,319.84,1537,319.85,3262,319.86,291,319.87,439,319.88,339,319.89,2318,319.9,319.73
2025-06-06 10:16:47,101,319.69,500,319.68,150,319.67,100,319.65,109,319.64,650,319.63,550,319.6,98,319.58,1000,319.57,2423,319.56,338,319.8,116,319.81,69,319.83,160,319.84,1483,319.85,3262,319.86,291,319.87,439,319.88,399,319.89,2318,319.9,319.745
2025-06-06 10:16:57,1600,319.77,150,319.76,281,319.73,650,319.72,1,319.69,346,319.67,2123,319.66,1000,319.65,1000,319.64,150,319.63,1602,319.9,7,319.91,172,319.92,33,319.93,323,319.94,1203,319.95,2077,319.96,191,319.97,265,319.98,1568,319.99,319.835
2025-06-06 10:17:07,196,319.89,510,319.88,818,319.87,450,319.86,40100,319.85,150,319.84,2300,319.8,1000,319.78,100,319.77,2223,319.76,25481,320.0,23,320.01,6,320.02,20,320.03,50,320.04,528,320.05,80,320.07,774,320.08,1001,320.09,1245,320.1,319.945
2025-06-06 10:17:17,414,319.89,272,319.88,1788,319.87,400,319.86,40100,319.85,650,319.84,650,319.8,1000,319.78,100,319.77,2223,319.76,16677,320.0,7,320.02,20,320.03,702,320.04,528,320.05,23,320.07,774,320.08,1101,320.09,1289,320.1,3,320.11,319.945
2025-06-06 10:17:27,766,319.89,1160,319.88,44,319.87,445,319.86,40100,319.85,650,319.84,1650,319.8,1300,319.78,100,319.77,2223,319.76,370,320.0,6,320.02,20,320.03,50,320.04,528,320.05,23,320.07,714,320.08,1001,320.09,1243,320.1,5,320.11,319.945
2025-06-06 10:17:37,674,319.89,1089,319.88,196,319.87,422,319.86,40100,319.85,150,319.84,46,319.82,500,319.81,1150,319.8,1000,319.78,3259,320.0,50,320.01,6,320.02,89,320.03,96,320.04,1180,320.05,88,320.07,801,320.08,1001,320.09,1292,320.1,319.945
2025-06-06 10:17:47,116,320.02,541,320.01,1508,320.0,477,319.99,1010,319.98,10,319.97,650,319.95,505,319.94,1000,319.93,2573,319.91,127,320.15,1909,320.16,100,320.17,37,320.18,1,320.19,295,320.2,545,320.21,2,320.22,16,320.23,44,320.24,320.085
2025-06-06 10:17:57,150,320.03,92,320.01,864,320.0,1380,319.99,110,319.98,10,319.97,401,319.95,547,319.94,1500,319.93,150,319.92,313,320.15,1927,320.16,15,320.17,20,320.18,102,320.19,435,320.2,45,320.21,2,320.22,16,320.23,254,320.24,320.09
2025-06-06 10:18:07,211,320.05,200,320.04,194,320.03,239,320.01,360,320.0,340,319.99,110,319.98,10,319.97,500,319.96,429,319.95,1717,320.16,50,320.17,21,320.18,2,320.19,467,320.2,45,320.21,32,320.22,16,320.23,34,320.24,691,320.25,320.105
2025-06-06 10:18:17,381,320.05,650,320.03,103,320.01,160,320.0,153,319.99,10,319.98,485,319.97,1400,319.96,1501,319.95,1000,319.93,115,320.16,34,320.17,363,320.18,1030,320.19,407,320.2,45,320.21,119,320.22,316,320.23,132,320.24,526,320.25,320.105
2025-06-06 10:18:27,100,319.82,150,319.8,150,319.76,1000,319.75,250,319.74,200,319.73,2000,319.71,300,319.7,2095,319.69,150,319.68,368,319.93,12,319.97,1,319.98,278,320.0,1000,320.02,50,320.04,104,320.07,96,320.08,435,320.09,188,320.1,319.875
2025-06-06 10:18:37,689,319.86,40409,319.85,184,319.84,34,319.83,34,319.82,134,319.81,184,319.8,634,319.79,1000,319.78,3111,319.77,764,320.01,39,320.02,89,320.03,162,320.04,123,320.05,155,320.06,784,320.07,1044,320.08,194,320.09,36,320.1,319.935
2025-06-06 10:18:47,184,319.8,384,319.79,72,319.78,1034,319.77,534,319.76,100,319.74,500,319.73,2215,319.72,2000,319.71,500,319.7,13,319.95,803,319.96,1,319.97,362,319.99,374,320.0,404,320.01,6301,320.02,230,320.03,193,320.04,184,320.05,319.875
2025-06-06 10:18:57,134,319.74,280,319.73,222,319.72,1300,319.71,300,319.7,601,319.69,1000,319.68,300,319.66,150,319.65,3065,319.62,737,319.86,50,319.88,24,319.89,241,319.9,126,319.91,192,319.92,64,319.93,214,319.94,710,319.95,5000,319.96,319.8
2025-06-06 10:19:07,184,319.75,34,319.74,334,319.73,72,319.72,1046,319.71,601,319.69,1000,319.68,300,319.66,150,319.65,600,319.64,896,319.86,705,319.87,50,319.88,27,319.9,118,319.91,471,319.92,584,319.93,616,319.94,396,319.95,5100,319.96,319.805
2025-06-06 10:19:17,284,319.75,80,319.74,200,319.73,38,319.72,1000,319.71,501,319.69,1000,319.68,300,319.66,150,319.65,600,319.64,343,319.86,50,319.87,351,319.88,100,319.89,28,319.9,61,319.91,157,319.92,537,319.93,316,319.94,350,319.95,319.805
2025-06-06 10:19:27,34,319.87,163,319.86,23281,319.85,34,319.84,1034,319.83,80,319.82,184,319.81,384,319.8,134,319.79,1000,319.78,1125,320.0,36,320.01,209,320.02,99,320.03,84,320.04,180,320.05,74,320.06,334,320.07,428,320.08,1034,320.09,319.935
2025-06-06 10:19:37,72,319.83,134,319.82,484,319.81,730,319.8,34,319.79,150,319.77,3,319.76,197,319.75,1000,319.74,600,319.73,59,319.96,102,319.97,316,319.98,408,319.99,1266,320.0,200,320.01,146,320.02,71,320.03,84,320.04,44,320.05,319.895
2025-06-06 10:19:47,284,319.81,184,319.8,72,319.79,334,319.78,1530,319.77,3,319.76,500,319.74,600,319.73,500,319.72,4222,319.71,347,319.95,379,319.96,311,319.97,5146,319.98,191,319.99,1101,320.0,134,320.02,334,320.03,620,320.04,294,320.05,319.88
2025-06-06 10:19:57,184,319.81,284,319.8,72,319.79,334,319.78,1530,319.77,503,319.76,500,319.74,600,319.73,1150,319.71,2072,319.7,110,319.94,123,319.95,307,319.96,647,319.97,5211,319.98,191,319.99,1102,320.0,134,320.02,34,320.03,384,320.04,319.875
2025-06-06 10:20:07,5163,319.86,23899,319.85,134,319.84,34,319.83,34,319.82,150,319.81,160,319.8,1000,319.79,1100,319.77,3,319.76,4802,319.98,108,319.99,1220,320.0,3,320.01,110,320.02,100,320.03,50,320.04,100,320.05,139,320.06,189,320.07,319.92
2025-06-06 10:20:17,5313,319.86,23899,319.85,1134,319.84,534,319.83,34,319.82,250,319.81,160,319.8,600,319.77,3,319.76,150,319.75,4636,319.98,108,319.99,1143,320.0,87,320.01,110,320.02,50,320.04,68,320.05,86,320.06,243,320.07,54,320.08,319.92
2025-06-06 10:20:27,670,319.9,138,319.89,609,319.88,101,319.87,5411,319.86,22919,319.85,1100,319.84,500,319.83,650,319.81,160,319.8,97,320.02,50,320.03,50,320.04,1,320.05,30,320.06,179,320.07,85,320.08,310,320.09,173,320.1,24,320.11,319.96
2025-06-06 10:20:37,59,320.0,145,319.99,601,319.98,335,319.97,301,319.96,538,319.95,156,319.94,226,319.93,1663,319.92,670,319.9,252,320.12,21,320.13,605,320.14,8,320.15,34,320.17,453,320.18,146,320.19,534,320.2,241,320.21,377,320.22,320.06
2025-06-06 10:20:47,186,320.01,289,320.0,66,319.99,642,319.98,555,319.97,191,319.96,1000,319.95,156,319.94,680,319.93,1663,319.92,39,320.15,365,320.16,60,320.17,53,320.18,512,320.19,976,320.2,130,320.21,104,320.22,1197,320.23,136,320.24,320.08
2025-06-06 10:20:57,337,320.02,443,320.01,421,320.0,99,319.99,230,319.98,555,319.97,35,319.96,48,319.95,1416,319.94,680,319.93,164,320.13,186,320.14,179,320.15,2500,320.16,53,320.18,69,320.19,899,320.2,176,320.21,156,320.22,1063,320.23,320.075
2025-06-06 10:21:08,334,320.02,566,320.01,16211,320.0,1184,319.99,459,319.97,800,319.96,242,319.94,330,319.93,1063,319.92,10,319.91,17,320.13,158,320.14,240,320.15,2500,320.16,109,320.17,53,320.18,71,320.19,865,320.2,96,320.21,13,320.22,320.075
2025-06-06 10:21:18,382,320.02,422,320.01,16037,320.0,1000,319.99,1500,319.98,121,319.97,236,319.96,500,319.95,6,319.94,330,319.93,2161,320.16,77,320.17,118,320.18,127,320.19,865,320.2,96,320.21,23,320.22,172,320.23,48,320.24,707,320.25,320.09000000000003
2025-06-06 10:21:28,101,320.03,644,320.02,684,320.01,16037,320.0,1046,319.99,500,319.98,271,319.97,500,319.96,331,319.94,1230,319.93,1634,320.16,121,320.17,118,320.18,59,320.19,867,320.2,96,320.21,133,320.22,85,320.23,157,320.24,561,320.25,320.095
2025-06-06 10:21:38,1049,320.02,384,320.01,16083,320.0,1034,319.99,38,319.98,171,319.97,500,319.96,6,319.94,1730,319.93,563,319.92,8,320.13,17,320.14,766,320.15,1503,320.16,153,320.18,71,320.19,1167,320.2,142,320.21,283,320.22,63,320.23,320.075
2025-06-06 10:21:48,34,320.09,46,320.08,500,320.06,150,320.05,447,320.04,858,320.03,5928,320.02,1250,320.01,34543,320.0,500,319.99,2299,320.2,98,320.21,182,320.22,28,320.23,223,320.24,592,320.25,137,320.26,10,320.27,106,320.28,860,320.29,320.145
2025-06-06 10:21:58,65,320.09,100,320.08,800,320.06,450,320.05,947,320.04,1100,320.03,6100,320.02,250,320.01,34545,320.0,500,319.99,967,320.2,146,320.21,184,320.22,93,320.23,123,320.24,527,320.25,237,320.26,110,320.27,111,320.28,471,320.29,320.145
2025-06-06 10:22:08,250,320.08,800,320.06,488,320.05,1409,320.04,1100,320.03,5500,320.02,250,320.01,34576,320.0,506,319.99,1236,319.98,91,320.2,179,320.21,133,320.22,28,320.23,126,320.24,592,320.25,215,320.26,154,320.28,471,320.29,4174,320.3,320.14
2025-06-06 10:22:18,1034,320.17,34,320.16,100,320.15,55,320.13,770,320.12,700,320.11,2401,320.1,500,320.09,650,320.08,2581,320.06,3321,320.3,162,320.31,72,320.32,34,320.33,102,320.34,664,320.35,149,320.36,145,320.37,420,320.38,382,320.39,320.235
2025-06-06 10:22:28,180,320.14,483,320.13,334,320.12,1900,320.11,2263,320.1,300,320.09,800,320.08,500,320.06,250,320.05,1800,320.04,190,320.28,332,320.29,2857,320.3,13,320.31,17,320.32,123,320.33,102,320.34,1223,320.35,481,320.36,176,320.37,320.21
2025-06-06 10:22:38,34,320.17,190,320.16,491,320.15,300,320.14,551,320.13,534,320.12,1403,320.11,2263,320.1,100,320.09,500,320.08,583,320.29,3162,320.3,13,320.31,17,320.32,2,320.33,313,320.34,923,320.35,181,320.36,442,320.37,520,320.38,320.23
2025-06-06 10:22:48,5258,320.19,34,320.18,1134,320.17,34,320.16,34,320.15,72,320.14,249,320.13,580,320.12,403,320.11,2763,320.1,795,320.3,83,320.31,17,320.32,2,320.33,102,320.34,710,320.35,259,320.36,567,320.37,554,320.38,222,320.39,320.245
2025-06-06 10:22:58,100,320.18,1000,320.17,100,320.14,287,320.13,1034,320.12,403,320.11,2263,320.1,150,320.09,894,320.07,500,320.06,20,320.29,367,320.3,58,320.31,87,320.32,2,320.33,102,320.34,665,320.35,181,320.36,536,320.37,520,320.38,320.235
2025-06-06 10:23:08,284,320.27,184,320.26,34,320.25,1134,320.24,90,320.23,34,320.22,38,320.21,550,320.2,5500,320.19,236,320.17,608,320.4,90,320.41,256,320.42,1,320.43,141,320.44,640,320.45,622,320.46,1149,320.47,230,320.48,589,320.49,320.335
2025-06-06 10:23:18,322,320.32,1034,320.31,484,320.3,54,320.29,1989,320.28,584,320.27,126,320.26,2135,320.25,1,320.24,610,320.23,1127,320.49,6128,320.5,92,320.51,557,320.52,3434,320.53,588,320.54,350,320.55,339,320.56,71,320.57,272,320.58,320.405
2025-06-06 10:23:28,34,320.3,370,320.29,1943,320.28,84,320.27,126,320.26,530,320.25,1835,320.24,44,320.23,600,320.22,537,320.2,35,320.44,103,320.45,27,320.46,1140,320.47,1594,320.48,1359,320.49,4805,320.5,378,320.51,787,320.52,3034,320.53,320.37
2025-06-06 10:23:38,178,320.36,444,320.35,244,320.34,134,320.33,1484,320.32,334,320.31,80,320.3,54,320.29,2243,320.28,584,320.27,1718,320.5,51,320.51,533,320.52,3134,320.53,184,320.54,348,320.55,226,320.56,494,320.57,542,320.58,3254,320.59,320.43
2025-06-06 10:23:48,379,320.46,356,320.45,1034,320.44,80,320.43,335,320.42,34,320.41,684,320.4,36,320.39,134,320.38,600,320.37,2983,320.59,1292,320.6,6,320.61,81,320.62,136,320.63,38,320.64,1241,320.65,104,320.66,66,320.67,460,320.68,320.525
2025-06-06 10:23:58,34,320.58,34,320.57,784,320.56,270,320.55,530,320.54,834,320.53,80,320.52,1000,320.51,4,320.5,2097,320.49,5,320.71,4097,320.73,100,320.74,3672,320.75,70,320.76,43,320.77,211,320.78,506,320.79,15825,320.8,284,320.81,320.645
2025-06-06 10:24:08,300,320.64,1,320.63,88,320.62,738,320.61,20483,320.6,500,320.59,35,320.58,100,320.56,650,320.55,50,320.54,1056,320.75,61,320.76,5,320.77,377,320.78,14,320.79,435,320.8,359,320.82,32,320.83,214,320.84,774,320.85,320.695
2025-06-06 10:24:18,334,320.69,1,320.66,88,320.64,659,320.63,850,320.62,1616,320.61,20518,320.6,150,320.59,100,320.57,300,320.56,675,320.8,100,320.81,120,320.84,10,320.85,322,320.86,300,320.87,581,320.88,135,320.89,766,320.9,9,320.91,320.745
2025-06-06 10:24:28,469,320.74,34,320.73,400,320.72,32,320.71,753,320.7,1900,320.69,2364,320.67,150,320.66,10,320.65,262,320.63,1247,320.91,1220,320.92,944,320.93,433,320.94,1828,320.95,1651,320.96,1039,320.97,1462,320.98,376,320.99,12936,321.0,320.82500000000005
2025-06-06 10:24:38,134,320.64,278,320.63,1084,320.62,60,320.61,34,320.6,684,320.59,380,320.58,834,320.57,2151,320.56,184,320.55,657,320.8,766,320.81,184,320.82,34,320.83,470,320.84,685,320.85,343,320.86,434,320.87,191,320.88,638,320.89,320.72
2025-06-06 10:24:48,368,320.36,344,320.35,135,320.34,580,320.33,224,320.32,50,320.31,366,320.3,1800,320.29,1250,320.28,30,320.27,101,320.52,1000,320.53,250,320.57,293,320.58,40,320.59,184,320.6,334,320.61,334,320.62,34,320.63,334,320.64,320.44
2025-06-06 10:24:58,184,320.66,67,320.65,34,320.64,91,320.63,1044,320.62,382,320.61,18892,320.6,250,320.58,500,320.57,2617,320.55,99,320.79,70,320.8,2,320.82,69,320.83,733,320.84,504,320.85,201,320.86,434,320.87,1036,320.88,219,320.89,320.725
2025-06-06 10:25:08,34,320.73,34,320.72,143,320.71,180,320.7,540,320.69,1080,320.68,534,320.67,184,320.66,34,320.65,500,320.64,113,320.87,800,320.88,175,320.89,48,320.9,543,320.91,580,320.92,567,320.93,248,320.94,2246,320.95,651,320.96,320.8
2025-06-06 10:25:18,284,320.7,34,320.69,34,320.68,34,320.67,150,320.66,100,320.65,834,320.64,555,320.63,1480,320.62,818,320.61,400,320.81,15,320.82,75,320.84,150,320.85,573,320.86,308,320.87,834,320.88,445,320.89,764,320.9,541,320.91,320.755
2025-06-06 10:25:28,44,320.67,217,320.66,222,320.65,429,320.63,1680,320.62,1467,320.61,18858,320.6,950,320.58,100,320.56,2116,320.55,9,320.79,412,320.8,437,320.81,40,320.82,50,320.84,100,320.85,99,320.86,528,320.87,1050,320.88,146,320.89,320.73
2025-06-06 10:25:38,134,320.57,180,320.56,34,320.55,334,320.54,450,320.53,35,320.52,8,320.5,650,320.48,1900,320.47,32,320.45,485,320.7,293,320.73,286,320.74,2857,320.75,17,320.76,184,320.77,197,320.78,543,320.79,995,320.8,1059,320.81,320.635
2025-06-06 10:25:48,34,320.49,150,320.48,1100,320.47,107,320.46,300,320.45,363,320.44,500,320.43,6,320.42,150,320.4,500,320.39,196,320.61,2,320.62,504,320.65,170,320.66,57,320.68,712,320.69,154,320.7,500,320.71,410,320.72,230,320.73,320.55
2025-06-06 10:25:58,42,320.5,80,320.49,184,320.48,34,320.47,84,320.46,63,320.44,400,320.43,6,320.42,1850,320.4,500,320.39,334,320.61,151,320.62,70,320.63,25,320.65,44,320.66,1188,320.67,357,320.68,460,320.69,168,320.7,230,320.71,320.555
2025-06-06 10:26:08,100,320.33,365,320.32,1300,320.31,353,320.3,534,320.28,64,320.27,129,320.26,1142,320.25,112,320.24,684,320.23,468,320.46,80,320.47,34,320.48,34,320.49,34,320.5,184,320.51,352,320.52,254,320.53,141,320.54,34,320.55,320.395
2025-06-06 10:26:18,91,320.41,1029,320.4,334,320.39,217,320.38,80,320.37,435,320.36,35,320.35,601,320.34,1000,320.32,236,320.31,100,320.58,100,320.59,245,320.6,236,320.61,112,320.62,77,320.63,334,320.64,359,320.65,444,320.66,56,320.67,320.495
2025-06-06 10:26:28,1000,320.37,335,320.36,185,320.35,169,320.34,234,320.33,1034,320.32,534,320.31,133,320.3,184,320.29,134,320.28,237,320.51,130,320.52,35,320.53,135,320.54,290,320.55,247,320.56,634,320.57,854,320.58,284,320.59,6154,320.6,320.44
2025-06-06 10:26:38,643,320.58,34,320.57,34,320.56,234,320.55,34,320.54,80,320.53,1119,320.52,284,320.51,234,320.5,1010,320.49,157,320.7,300,320.72,130,320.73,3,320.74,295,320.75,41,320.76,443,320.77,34,320.78,164,320.79,388,320.8,320.64
2025-06-06 10:26:48,215,320.55,776,320.54,30334,320.53,1310,320.52,46,320.51,33,320.5,610,320.49,500,320.48,188,320.47,1,320.46,95,320.68,18,320.69,218,320.7,61,320.73,92,320.74,266,320.75,100,320.76,238,320.77,555,320.78,346,320.79,320.615
2025-06-06 10:26:58,648,320.55,34,320.54,30034,320.53,34,320.52,80,320.51,34,320.5,294,320.49,34,320.48,222,320.47,1500,320.46,50,320.66,50,320.67,58,320.68,89,320.69,544,320.7,230,320.72,104,320.73,346,320.74,1246,320.75,134,320.76,320.605
2025-06-06 10:27:08,30367,320.53,34,320.52,1034,320.51,234,320.5,294,320.49,66,320.48,222,320.47,546,320.46,1500,320.45,1100,320.43,49,320.64,270,320.65,346,320.66,3,320.67,97,320.68,51,320.69,456,320.7,44,320.71,254,320.72,34,320.73,320.585
2025-06-06 10:27:18,1184,320.58,144,320.57,567,320.56,648,320.55,1180,320.54,31534,320.53,34,320.52,1134,320.51,200,320.5,160,320.49,106,320.75,80,320.76,188,320.77,400,320.78,410,320.79,543,320.8,1113,320.81,1389,320.82,243,320.83,84,320.84,320.66499999999996
2025-06-06 10:27:28,434,320.59,834,320.58,44,320.57,1134,320.56,884,320.55,1434,320.54,30167,320.53,780,320.52,1284,320.51,34,320.5,398,320.73,215,320.74,176,320.75,234,320.76,231,320.77,399,320.78,428,320.79,544,320.8,713,320.81,1358,320.82,320.65999999999997
2025-06-06 10:27:38,360,320.62,1610,320.6,216,320.59,34,320.58,184,320.57,316,320.56,758,320.55,1934,320.54,30167,320.53,1734,320.52,66,320.73,79,320.74,120,320.75,134,320.76,118,320.77,316,320.78,361,320.79,745,320.8,1013,320.81,1458,320.82,320.675
2025-06-06 10:27:48,1109,320.67,494,320.66,338,320.65,4084,320.64,67,320.63,584,320.62,34,320.61,2144,320.6,100,320.59,2126,320.57,680,320.81,174,320.82,24,320.83,184,320.84,135,320.85,725,320.86,257,320.87,844,320.88,167,320.89,596,320.9,320.74
2025-06-06 10:27:58,1134,320.67,194,320.66,1338,320.65,2934,320.64,67,320.63,81,320.62,34,320.61,2810,320.6,100,320.59,1061,320.56,61,320.8,10,320.81,199,320.82,65,320.83,50,320.84,185,320.85,646,320.86,230,320.87,34,320.88,551,320.89,320.735
2025-06-06 10:28:08,534,320.62,134,320.61,3144,320.6,34,320.59,150,320.57,33,320.56,774,320.55,1916,320.54,32167,320.53,1300,320.52,64,320.77,184,320.78,496,320.79,570,320.8,50,320.81,350,320.82,84,320.83,293,320.84,367,320.85,546,320.86,320.695
2025-06-06 10:28:18,34,320.62,534,320.61,2644,320.6,484,320.59,334,320.58,250,320.57,2706,320.55,1916,320.54,30100,320.53,333,320.52,2,320.77,115,320.78,312,320.79,503,320.8,139,320.81,269,320.82,44,320.83,484,320.84,512,320.85,655,320.86,320.695
2025-06-06 10:28:28,534,320.61,2744,320.6,517,320.59,334,320.58,150,320.57,57,320.56,624,320.55,1916,320.54,30100,320.53,300,320.52,28,320.76,1880,320.77,185,320.78,16,320.79,457,320.8,66,320.81,269,320.82,34,320.83,484,320.84,564,320.85,320.685
2025-06-06 10:28:38,2644,320.6,184,320.59,34,320.58,484,320.57,433,320.56,754,320.55,1416,320.54,30100,320.53,200,320.52,500,320.51,115,320.76,50,320.77,115,320.78,310,320.79,586,320.8,100,320.81,539,320.82,434,320.83,734,320.84,264,320.85,320.68
2025-06-06 10:28:48,534,320.61,2644,320.6,184,320.59,334,320.58,484,320.57,33,320.56,634,320.55,1416,320.54,30200,320.53,200,320.52,1,320.74,50,320.75,183,320.76,70,320.77,136,320.78,546,320.79,943,320.8,350,320.81,312,320.82,420,320.83,320.675
2025-06-06 10:28:58,80,320.61,2644,320.6,184,320.59,334,320.58,584,320.57,33,320.56,687,320.55,1916,320.54,30200,320.53,2321,320.52,34,320.76,17,320.77,285,320.78,319,320.79,726,320.8,100,320.81,412,320.82,363,320.83,780,320.84,264,320.85,320.685
2025-06-06 10:29:08,189,320.63,34,320.62,334,320.61,3444,320.6,184,320.59,34,320.58,250,320.57,269,320.56,656,320.55,7416,320.54,20,320.75,84,320.76,13,320.77,215,320.78,77,320.79,717,320.8,76,320.81,303,320.82,63,320.83,589,320.84,320.69
2025-06-06 10:29:18,34,320.62,134,320.61,2644,320.6,184,320.59,800,320.58,450,320.57,33,320.56,724,320.55,7416,320.54,30100,320.53,370,320.74,372,320.75,34,320.76,285,320.78,293,320.79,887,320.8,216,320.81,169,320.82,549,320.83,780,320.84,320.68
2025-06-06 10:29:28,284,320.59,150,320.57,222,320.56,724,320.55,7416,320.54,31100,320.53,1000,320.52,300,320.51,303,320.5,43,320.49,26,320.7,98,320.71,10,320.72,237,320.73,501,320.74,220,320.75,233,320.76,400,320.78,741,320.79,728,320.8,320.645
2025-06-06 10:29:38,143,320.71,66,320.7,556,320.69,547,320.68,194,320.67,500,320.66,227,320.65,2933,320.64,250,320.63,1500,320.62,169,320.82,432,320.84,230,320.85,82,320.86,109,320.87,510,320.88,303,320.89,3349,320.9,1705,320.91,665,320.92,320.765
2025-06-06 10:29:48,198,320.7,600,320.69,1300,320.68,1244,320.67,600,320.66,106,320.65,2900,320.64,150,320.63,500,320.62,32,320.61,5,320.81,39,320.82,70,320.83,591,320.84,230,320.85,69,320.86,240,320.87,510,320.88,187,320.89,3297,320.9,320.755
2025-06-06 10:29:58,34,320.79,164,320.78,34,320.77,732,320.76,1034,320.75,650,320.74,109,320.73,547,320.72,176,320.71,150,320.7,2572,320.9,206,320.91,565,320.92,180,320.93,134,320.94,1796,320.95,235,320.96,893,320.97,1146,320.98,11661,320.99,320.845
2025-06-06 10:30:08,100,320.78,930,320.76,1000,320.75,150,320.74,109,320.73,547,320.72,100,320.71,150,320.7,593,320.68,299,320.67,1074,320.9,255,320.91,635,320.92,111,320.93,211,320.94,1896,320.95,100,320.96,638,320.97,1112,320.98,11627,320.99,320.84
2025-06-06 10:30:18,110,320.79,150,320.78,222,320.76,1100,320.75,150,320.74,547,320.72,1100,320.71,30,320.69,574,320.67,2058,320.66,102,320.9,253,320.91,635,320.92,111,320.93,241,320.94,1796,320.95,210,320.96,711,320.97,1112,320.98,11653,320.99,320.845
2025-06-06 10:30:28,109,320.84,6,320.83,101,320.82,150,320.78,500,320.77,30,320.76,600,320.75,150,320.74,271,320.72,3208,320.71,1158,320.95,197,320.96,986,320.97,1113,320.98,11731,320.99,12004,321.0,83337,321.01,110,321.02,2,321.03,3,321.04,320.895
2025-06-06 10:30:39,34,320.88,134,320.87,1000,320.86,359,320.84,500,320.83,151,320.82,630,320.79,230,320.76,100,320.75,1175,320.74,3287,320.99,12101,321.0,86839,321.01,110,321.02,2,321.03,12,321.04,1850,321.05,37,321.06,90,321.08,1,321.09,320.935
2025-06-06 10:30:49,334,320.85,119,320.84,200,320.83,1,320.82,250,320.81,5,320.8,1150,320.79,100,320.78,537,320.77,530,320.76,630,320.96,932,320.97,920,320.98,10520,320.99,11143,321.0,83537,321.01,110,321.02,2,321.03,153,321.04,1750,321.05,320.905
2025-06-06 10:30:59,15,320.8,1100,320.79,300,320.78,900,320.77,150,320.76,250,320.74,100,320.73,617,320.72,1000,320.71,32,320.7,524,320.91,788,320.92,790,320.93,357,320.94,651,320.95,875,320.96,817,320.97,3312,320.98,10640,320.99,13042,321.0,320.855
2025-06-06 10:31:09,35,320.82,134,320.81,339,320.8,1750,320.79,300,320.78,300,320.77,180,320.76,100,320.74,500,320.73,87,320.72,696,320.93,430,320.94,233,320.95,902,320.96,1066,320.97,2985,320.98,10647,320.99,12883,321.0,83438,321.01,20,321.02,320.875
2025-06-06 10:31:19,150,320.73,87,320.72,150,320.71,100,320.7,11,320.69,324,320.68,519,320.67,160,320.66,226,320.65,4900,320.64,155,320.87,146,320.88,100,320.89,844,320.9,163,320.91,248,320.92,948,320.93,1181,320.94,620,320.95,953,320.96,320.8
2025-06-06 10:31:29,80,320.75,700,320.73,47,320.72,150,320.71,1,320.7,11,320.69,714,320.68,819,320.67,132,320.66,80,320.65,439,320.86,287,320.87,100,320.88,237,320.89,215,320.9,193,320.91,403,320.92,870,320.93,981,320.94,1865,320.95,320.805
2025-06-06 10:31:39,84,320.75,101,320.74,700,320.73,197,320.72,151,320.71,451,320.7,311,320.69,362,320.68,19,320.67,82,320.66,221,320.87,50,320.88,1,320.89,147,320.9,241,320.91,346,320.92,560,320.93,90,320.94,1638,320.95,1204,320.96,320.81
2025-06-06 10:31:49,131,320.72,35,320.71,185,320.7,45,320.69,234,320.68,83,320.67,556,320.66,768,320.65,4434,320.64,234,320.63,213,320.84,361,320.86,448,320.87,169,320.88,286,320.89,427,320.9,354,320.91,2518,320.92,894,320.93,117,320.94,320.78
2025-06-06 10:31:59,84,320.63,164,320.62,39,320.61,1702,320.6,635,320.59,434,320.58,289,320.57,330,320.56,1084,320.55,1316,320.54,236,320.75,60,320.76,15,320.77,100,320.78,336,320.8,271,320.81,73,320.82,184,320.83,266,320.84,350,320.85,320.69
2025-06-06 10:32:09,2934,320.64,34,320.63,164,320.62,40,320.61,1672,320.6,1089,320.59,434,320.58,319,320.57,259,320.56,1084,320.55,162,320.76,46,320.78,311,320.8,270,320.82,316,320.83,258,320.84,334,320.85,344,320.86,64,320.87,288,320.88,320.7
2025-06-06 10:32:19,429,320.66,726,320.65,2934,320.64,184,320.63,240,320.62,258,320.61,1615,320.6,750,320.59,2100,320.58,600,320.57,1,320.78,820,320.8,36,320.81,371,320.84,109,320.85,44,320.86,71,320.87,37,320.88,320,320.89,958,320.9,320.72
2025-06-06 10:32:30,134,320.59,139,320.58,134,320.57,811,320.56,984,320.55,1466,320.54,30100,320.53,830,320.52,1200,320.51,2177,320.5,573,320.7,21,320.71,102,320.76,77,320.77,276,320.78,576,320.79,920,320.8,585,320.81,334,320.82,34,320.83,320.645
2025-06-06 10:32:40,134,320.59,139,320.58,180,320.57,431,320.56,699,320.55,1466,320.54,30900,320.53,530,320.52,1200,320.51,2177,320.5,302,320.7,121,320.71,59,320.76,77,320.77,40,320.78,669,320.79,1265,320.8,335,320.81,34,320.82,270,320.83,320.645
2025-06-06 10:32:50,818,320.55,1546,320.54,31434,320.53,500,320.52,1200,320.51,2177,320.5,10,320.49,980,320.48,100,320.47,500,320.46,236,320.67,703,320.68,65,320.69,430,320.7,95,320.71,33,320.74,9,320.75,302,320.76,184,320.77,234,320.78,320.61
2025-06-06 10:33:00,1350,320.54,31134,320.53,430,320.52,334,320.51,2318,320.5,10,320.49,30,320.48,300,320.47,800,320.46,10,320.45,486,320.65,150,320.66,55,320.67,228,320.68,190,320.69,357,320.7,121,320.71,372,320.72,300,320.73,379,320.74,320.595
2025-06-06 10:33:10,31134,320.53,384,320.52,334,320.51,2698,320.5,310,320.49,30,320.48,500,320.46,110,320.45,1000,320.44,600,320.42,87,320.64,693,320.65,1,320.66,228,320.68,230,320.69,457,320.7,21,320.71,46,320.72,150,320.73,134,320.74,320.585
2025-06-06 10:33:20,334,320.65,34,320.64,386,320.63,524,320.62,130,320.61,1654,320.6,134,320.59,34,320.58,634,320.57,282,320.56,28,320.78,318,320.79,865,320.8,75,320.81,534,320.82,174,320.83,640,320.84,37,320.85,534,320.86,338,320.87,320.715
2025-06-06 10:33:30,214,320.69,493,320.68,434,320.67,1034,320.66,234,320.65,35,320.64,535,320.63,623,320.62,172,320.61,2270,320.6,313,320.8,533,320.82,660,320.84,110,320.85,500,320.86,113,320.87,135,320.88,237,320.89,2994,320.9,193,320.91,320.745
2025-06-06 10:33:40,166,320.65,633,320.64,737,320.63,657,320.62,470,320.61,2270,320.6,190,320.59,2000,320.58,600,320.57,451,320.56,387,320.79,748,320.8,99,320.81,500,320.82,328,320.83,560,320.84,301,320.85,680,320.86,188,320.87,151,320.88,320.72
2025-06-06 10:33:50,270,320.65,111,320.64,409,320.63,657,320.62,380,320.61,1834,320.6,100,320.59,3000,320.58,1100,320.57,451,320.56,134,320.79,874,320.8,24,320.81,600,320.82,450,320.83,560,320.84,301,320.85,580,320.86,138,320.87,327,320.88,320.72
2025-06-06 10:34:00,596,320.63,657,320.62,234,320.61,1804,320.6,100,320.59,2000,320.58,366,320.57,451,320.56,2181,320.55,1376,320.54,2,320.75,75,320.78,53,320.79,464,320.8,24,320.81,520,320.82,650,320.83,669,320.84,81,320.85,534,320.86,320.69
2025-06-06 10:34:10,665,320.64,279,320.63,703,320.62,334,320.61,1804,320.6,32,320.59,2000,320.58,187,320.57,2051,320.56,1681,320.55,75,320.77,10,320.78,498,320.8,124,320.81,520,320.82,307,320.83,749,320.84,134,320.85,562,320.86,338,320.87,320.705
2025-06-06 10:34:20,588,320.63,657,320.62,380,320.61,1921,320.6,30,320.59,2150,320.58,1451,320.56,1621,320.55,1376,320.54,32090,320.53,290,320.75,22,320.76,50,320.77,10,320.78,85,320.79,498,320.8,31,320.81,520,320.82,300,320.83,703,320.84,320.69
2025-06-06 10:34:30,765,320.64,288,320.63,657,320.62,334,320.61,2001,320.6,2150,320.58,46,320.57,201,320.56,2714,320.55,1376,320.54,21,320.75,51,320.76,72,320.77,10,320.78,56,320.79,498,320.8,106,320.81,620,320.82,300,320.83,669,320.84,320.695
2025-06-06 10:34:40,2334,320.58,134,320.57,235,320.56,1194,320.55,1526,320.54,31670,320.53,485,320.52,3168,320.5,10,320.49,100,320.48,100,320.73,1,320.74,261,320.75,151,320.76,171,320.77,160,320.78,76,320.79,641,320.8,87,320.81,612,320.82,320.655
2025-06-06 10:34:50,1148,320.55,1860,320.54,31940,320.53,335,320.52,100,320.51,2168,320.5,10,320.49,500,320.48,800,320.47,137,320.46,8,320.68,58,320.69,132,320.7,50,320.72,250,320.74,949,320.75,151,320.76,450,320.77,505,320.78,394,320.79,320.615
2025-06-06 10:35:00,703,320.62,434,320.61,1931,320.6,34,320.59,2034,320.58,34,320.57,1985,320.56,1144,320.55,2426,320.54,31640,320.53,865,320.75,24,320.76,350,320.77,60,320.78,85,320.79,171,320.8,65,320.81,554,320.82,334,320.83,803,320.84,320.685
2025-06-06 10:35:10,1153,320.62,149,320.61,1831,320.6,134,320.59,1034,320.58,34,320.57,851,320.56,1214,320.55,1456,320.54,33140,320.53,97,320.74,560,320.75,1,320.76,384,320.77,135,320.78,10,320.79,244,320.8,31,320.81,185,320.82,517,320.83,320.68
2025-06-06 10:35:20,34,320.57,685,320.56,1214,320.55,1726,320.54,31940,320.53,485,320.52,500,320.51,2218,320.5,510,320.49,150,320.48,98,320.68,50,320.69,16,320.71,157,320.73,499,320.74,571,320.75,501,320.76,500,320.77,60,320.78,560,320.79,320.625
2025-06-06 10:35:30,2034,320.58,334,320.57,985,320.56,1248,320.55,1426,320.54,31686,320.53,485,320.52,200,320.51,2318,320.5,510,320.49,121,320.69,1,320.71,50,320.72,125,320.74,571,320.75,547,320.76,200,320.77,60,320.78,194,320.79,139,320.8,320.635
2025-06-06 10:35:40,434,320.59,2034,320.58,80,320.57,685,320.56,1214,320.55,1456,320.54,31640,320.53,985,320.52,200,320.51,2688,320.5,39,320.72,129,320.73,68,320.74,566,320.75,501,320.76,50,320.77,60,320.78,113,320.79,145,320.8,302,320.81,320.655
2025-06-06 10:35:50,535,320.56,1448,320.55,1760,320.54,31640,320.53,485,320.52,300,320.51,2188,320.5,510,320.49,150,320.48,800,320.47,9,320.68,107,320.69,2,320.7,7,320.71,340,320.72,29,320.73,549,320.74,491,320.75,779,320.76,50,320.77,320.62
2025-06-06 10:36:00,780,320.66,3782,320.65,95,320.63,823,320.62,150,320.61,1823,320.6,30,320.59,1000,320.58,157,320.57,2748,320.56,100,320.83,87,320.84,100,320.85,391,320.86,315,320.87,390,320.89,2822,320.9,283,320.91,354,320.92,933,320.93,320.745
2025-06-06 10:36:10,1443,320.67,80,320.66,3273,320.65,180,320.64,95,320.63,623,320.62,550,320.61,1823,320.6,30,320.59,1500,320.58,19,320.81,100,320.82,75,320.83,50,320.84,476,320.85,158,320.86,282,320.87,95,320.88,154,320.89,2702,320.9,320.74
2025-06-06 10:36:20,534,320.7,334,320.69,687,320.68,1080,320.67,552,320.66,3123,320.65,1125,320.63,623,320.62,150,320.61,1923,320.6,20,320.82,66,320.84,155,320.86,175,320.88,114,320.89,2722,320.9,47,320.91,54,320.92,544,320.93,1671,320.94,320.76
2025-06-06 10:36:30,78,320.74,34,320.73,541,320.72,334,320.71,184,320.7,435,320.69,717,320.68,2080,320.67,1080,320.66,3123,320.65,95,320.87,15,320.88,164,320.89,2722,320.9,47,320.91,154,320.92,603,320.93,1571,320.94,1310,320.95,1487,320.96,320.805
2025-06-06 10:36:40,1034,320.67,80,320.66,3423,320.65,530,320.64,729,320.63,1153,320.62,150,320.61,1792,320.6,2612,320.57,1651,320.56,94,320.82,187,320.83,554,320.84,475,320.85,100,320.86,150,320.87,80,320.88,431,320.89,2776,320.9,347,320.91,320.745
2025-06-06 10:36:50,443,320.68,1034,320.67,378,320.66,3423,320.65,230,320.64,729,320.63,687,320.62,150,320.61,2292,320.6,100,320.59,451,320.82,120,320.83,375,320.84,500,320.85,75,320.86,230,320.87,37,320.88,342,320.89,2776,320.9,347,320.91,320.75
2025-06-06 10:37:00,1034,320.67,378,320.66,3433,320.65,80,320.64,129,320.63,787,320.62,150,320.61,2792,320.6,57,320.58,2355,320.57,382,320.82,270,320.83,50,320.84,400,320.85,35,320.86,187,320.87,37,320.88,627,320.89,2776,320.9,347,320.91,320.745
2025-06-06 10:37:10,1034,320.67,284,320.66,3133,320.65,80,320.64,129,320.63,1187,320.62,150,320.61,2292,320.6,100,320.58,2380,320.57,256,320.82,170,320.83,250,320.84,325,320.85,81,320.86,34,320.87,273,320.88,573,320.89,2776,320.9,47,320.91,320.745
2025-06-06 10:37:20,3133,320.65,73,320.64,538,320.63,957,320.62,564,320.61,3372,320.6,650,320.58,236,320.57,651,320.56,2118,320.55,100,320.8,218,320.81,255,320.82,197,320.83,85,320.84,287,320.85,210,320.86,193,320.87,133,320.88,545,320.89,320.725
2025-06-06 10:37:30,444,320.66,3133,320.65,73,320.64,665,320.63,1057,320.62,110,320.61,2976,320.6,1150,320.58,737,320.56,2218,320.55,11,320.79,745,320.8,51,320.81,460,320.82,93,320.83,85,320.84,284,320.85,110,320.86,93,320.87,398,320.88,320.725
2025-06-06 10:37:40,129,320.63,657,320.62,66,320.61,2826,320.6,134,320.59,80,320.58,168,320.57,1801,320.56,3068,320.55,1707,320.54,216,320.75,397,320.76,100,320.77,201,320.78,1,320.79,3288,320.8,145,320.81,534,320.82,515,320.83,85,320.84,320.69
2025-06-06 10:37:50,3135,320.65,173,320.64,279,320.63,657,320.62,344,320.61,3179,320.6,134,320.59,34,320.58,121,320.57,1035,320.56,10,320.77,273,320.78,366,320.79,3126,320.8,85,320.81,409,320.82,81,320.83,380,320.84,434,320.85,135,320.86,320.71
2025-06-06 10:38:00,3101,320.65,139,320.64,129,320.63,657,320.62,344,320.61,3179,320.6,145,320.59,80,320.58,98,320.57,1535,320.56,16,320.78,284,320.79,2474,320.8,85,320.81,380,320.82,84,320.83,219,320.84,434,320.85,371,320.86,334,320.87,320.715
2025-06-06 10:38:10,350,320.69,389,320.68,498,320.67,1052,320.66,3135,320.65,223,320.64,129,320.63,1353,320.62,544,320.61,3849,320.6,1828,320.8,185,320.81,231,320.82,81,320.83,144,320.84,580,320.85,210,320.86,37,320.87,100,320.88,240,320.89,320.745
2025-06-06 10:38:20,409,320.67,816,320.66,3201,320.65,73,320.64,129,320.63,703,320.62,574,320.61,2849,320.6,645,320.59,634,320.58,2428,320.8,335,320.81,328,320.82,81,320.83,290,320.84,437,320.85,110,320.86,37,320.87,399,320.88,476,320.89,320.735
2025-06-06 10:38:30,209,320.67,516,320.66,3101,320.65,339,320.64,529,320.63,657,320.62,606,320.61,2895,320.6,645,320.59,534,320.58,98,320.79,2072,320.8,235,320.81,228,320.82,127,320.83,144,320.84,712,320.85,35,320.86,37,320.87,106,320.88,320.73
2025-06-06 10:38:40,109,320.67,516,320.66,3091,320.65,223,320.64,229,320.63,957,320.62,1420,320.61,2849,320.6,145,320.59,534,320.58,245,320.79,2132,320.8,85,320.81,266,320.82,131,320.83,244,320.84,512,320.85,92,320.86,437,320.87,406,320.88,320.73
2025-06-06 10:38:50,109,320.67,516,320.66,3091,320.65,373,320.64,429,320.63,657,320.62,601,320.61,3249,320.6,691,320.59,634,320.58,89,320.79,3092,320.8,235,320.81,312,320.82,185,320.83,144,320.84,437,320.85,113,320.86,137,320.87,132,320.88,320.73
2025-06-06 10:39:00,350,320.68,603,320.67,752,320.66,3234,320.65,223,320.64,159,320.63,757,320.62,1090,320.61,3249,320.6,145,320.59,2431,320.8,230,320.81,266,320.82,131,320.83,85,320.84,437,320.85,197,320.86,109,320.87,177,320.88,244,320.89,320.74
2025-06-06 10:39:10,593,320.71,243,320.7,84,320.69,746,320.68,1234,320.67,1044,320.66,3125,320.65,1073,320.64,125,320.63,2123,320.62,232,320.82,51,320.83,51,320.84,341,320.85,4,320.86,99,320.88,94,320.89,927,320.9,47,320.91,58,320.92,320.765
2025-06-06 10:39:20,300,320.78,294,320.77,2045,320.76,230,320.75,1034,320.74,37,320.73,35,320.72,334,320.71,272,320.7,1584,320.69,75,320.89,892,320.9,13,320.91,58,320.92,473,320.93,1208,320.94,1328,320.95,1421,320.96,5195,320.97,1023,320.98,320.835
2025-06-06 10:39:30,736,320.77,1945,320.76,34,320.75,1034,320.74,1037,320.73,35,320.72,334,320.71,774,320.7,825,320.69,50,320.68,421,320.9,101,320.91,24,320.92,364,320.93,1279,320.94,1331,320.95,1395,320.96,5145,320.97,977,320.98,582,320.99,320.835
2025-06-06 10:39:40,34,321.08,720,321.07,458,321.06,650,321.05,1000,321.02,62,321.01,34,321.0,200,320.99,100,320.98,532,320.97,22,321.19,1104,321.2,81,321.21,1,321.24,4,321.25,104,321.26,1548,321.27,1,321.28,4,321.29,859,321.3,321.135
2025-06-06 10:39:50,34,321.14,434,321.13,34,321.12,184,321.11,473,321.1,584,321.09,1530,321.08,1500,321.07,1000,321.06,100,321.04,396,321.27,1,321.28,16,321.29,1359,321.3,234,321.32,47,321.33,49,321.34,144,321.35,44,321.36,1194,321.37,321.205
2025-06-06 10:40:00,34,321.06,176,321.05,1034,321.04,134,321.03,34,321.02,67,321.01,218,321.0,1000,320.99,150,320.98,600,320.97,374,321.22,230,321.23,34,321.24,134,321.25,184,321.26,34,321.27,149,321.28,314,321.29,2296,321.3,184,321.31,321.14
2025-06-06 10:40:10,434,321.14,550,321.13,334,321.12,34,321.11,184,321.1,534,321.09,1184,321.08,164,321.07,1600,321.06,500,321.05,96,321.29,2352,321.3,284,321.31,190,321.32,47,321.33,49,321.34,299,321.35,44,321.36,170,321.37,48,321.38,321.21500000000003
2025-06-06 10:40:20,289,321.16,214,321.15,58,321.14,400,321.13,434,321.12,1188,321.11,284,321.1,534,321.09,600,321.08,600,321.07,51,321.32,6,321.33,129,321.34,159,321.35,1044,321.36,44,321.37,608,321.38,65,321.39,909,321.4,110,321.41,321.24
2025-06-06 10:40:30,119,321.17,53,321.16,34,321.15,140,321.14,800,321.13,734,321.12,864,321.11,434,321.1,534,321.09,100,321.07,9,321.3,95,321.32,209,321.33,134,321.34,1271,321.35,44,321.36,244,321.37,508,321.38,365,321.39,855,321.4,321.235
2025-06-06 10:40:40,203,321.16,34,321.15,288,321.14,250,321.13,334,321.12,456,321.11,534,321.1,1034,321.09,100,321.07,180,321.06,1,321.29,181,321.3,35,321.31,535,321.32,335,321.33,91,321.34,1106,321.35,250,321.36,244,321.37,508,321.38,321.225
2025-06-06 10:40:50,235,321.18,223,321.17,53,321.16,34,321.15,135,321.14,305,321.13,398,321.12,834,321.11,184,321.1,500,321.09,202,321.3,237,321.31,159,321.32,401,321.33,270,321.34,1108,321.35,170,321.36,329,321.37,498,321.38,365,321.39,321.24
2025-06-06 10:41:00,134,321.18,73,321.17,1053,321.16,34,321.15,35,321.14,705,321.13,515,321.12,130,321.11,1184,321.1,34,321.09,157,321.31,704,321.32,184,321.33,76,321.34,315,321.35,392,321.36,349,321.37,348,321.38,665,321.39,803,321.4,321.245
2025-06-06 10:41:10,134,321.07,66,321.06,364,321.05,384,321.04,234,321.03,34,321.02,1067,321.01,591,321.0,184,320.99,91,320.98,63,321.2,236,321.21,134,321.22,34,321.23,500,321.24,34,321.25,236,321.26,239,321.27,91,321.28,448,321.29,321.135
2025-06-06 10:41:20,34,320.98,34,320.97,66,320.96,1491,320.95,1980,320.94,46,320.9,550,320.89,500,320.88,1000,320.86,150,320.85,236,321.12,47,321.13,336,321.14,2,321.15,50,321.16,236,321.17,153,321.18,164,321.19,184,321.2,434,321.21,321.05
2025-06-06 10:41:30,284,321.09,564,321.08,1334,321.07,34,321.06,2268,321.05,1234,321.04,100,321.03,266,321.02,1376,321.01,16658,321.0,1,321.27,21,321.29,1722,321.3,204,321.31,168,321.32,397,321.33,180,321.34,166,321.35,44,321.36,494,321.37,321.17999999999995
2025-06-06 10:41:40,1035,321.12,84,321.11,34,321.1,144,321.09,684,321.08,334,321.07,271,321.06,600,321.05,2200,321.04,366,321.03,24,321.26,48,321.28,57,321.29,1256,321.3,66,321.31,248,321.32,1317,321.33,134,321.34,134,321.35,44,321.36,321.19
2025-06-06 10:41:50,334,321.19,34,321.18,134,321.17,64,321.16,173,321.15,540,321.14,434,321.13,2185,321.12,84,321.11,1034,321.1,40,321.32,283,321.33,134,321.35,44,321.36,44,321.37,45,321.38,465,321.39,1804,321.4,54,321.41,140,321.42,321.255
2025-06-06 10:42:00,292,321.24,450,321.23,334,321.22,80,321.21,161,321.2,1664,321.19,34,321.18,34,321.17,684,321.16,134,321.15,14,321.37,38,321.38,407,321.39,1804,321.4,134,321.41,140,321.42,81,321.43,44,321.44,162,321.45,197,321.46,321.305
2025-06-06 10:42:10,348,321.39,34,321.38,284,321.37,334,321.36,1530,321.35,34,321.34,164,321.33,34,321.32,534,321.31,623,321.3,585,321.51,2997,321.52,1,321.53,2,321.54,5383,321.55,69,321.56,117,321.57,118,321.58,1137,321.59,633,321.6,321.45
2025-06-06 10:42:20,221,321.39,34,321.38,134,321.37,34,321.36,64,321.35,1034,321.34,64,321.33,1,321.32,667,321.31,89,321.3,2724,321.52,1,321.53,2,321.54,5456,321.55,35,321.56,37,321.57,152,321.58,1037,321.59,454,321.6,43,321.61,321.455
2025-06-06 10:42:30,34,321.36,34,321.35,34,321.34,184,321.33,35,321.32,138,321.31,1123,321.3,535,321.29,282,321.28,2644,321.27,32,321.51,2548,321.52,171,321.53,243,321.54,5663,321.55,219,321.56,37,321.57,72,321.58,1051,321.59,501,321.6,321.435
2025-06-06 10:42:40,334,321.49,334,321.48,300,321.46,100,321.45,336,321.44,1650,321.43,500,321.42,300,321.41,3384,321.4,1187,321.39,2,321.62,30,321.64,1046,321.65,36,321.66,33,321.67,80,321.68,300,321.69,369,321.7,769,321.71,72,321.72,321.555
2025-06-06 10:42:50,34,321.48,110,321.47,250,321.45,150,321.44,1200,321.43,300,321.42,639,321.41,3484,321.4,1037,321.39,2097,321.37,425,321.63,180,321.64,557,321.65,36,321.66,318,321.67,460,321.68,335,321.69,113,321.7,969,321.71,2006,321.72,321.555
2025-06-06 10:43:00,1887,321.5,214,321.49,34,321.48,32,321.46,650,321.45,350,321.44,1170,321.43,1,321.42,801,321.41,3384,321.4,6,321.61,163,321.62,323,321.63,126,321.64,517,321.65,116,321.66,302,321.67,120,321.68,3,321.69,328,321.7,321.555
2025-06-06 10:43:10,384,321.51,1910,321.5,184,321.49,334,321.48,334,321.47,300,321.46,250,321.45,150,321.44,1520,321.43,31,321.42,52,321.63,182,321.64,527,321.65,36,321.66,1,321.67,20,321.68,188,321.69,1013,321.7,813,321.71,2053,321.72,321.57
2025-06-06 10:43:20,184,321.49,334,321.48,484,321.47,334,321.46,350,321.45,150,321.44,1020,321.43,30,321.42,801,321.41,3384,321.4,370,321.61,23,321.62,1000,321.63,69,321.64,527,321.65,136,321.66,1,321.67,100,321.68,93,321.69,1363,321.7,321.55
2025-06-06 10:43:30,134,321.39,84,321.38,1034,321.37,1150,321.36,300,321.35,700,321.34,151,321.32,1,321.31,119,321.3,100,321.29,238,321.51,50,321.52,132,321.53,100,321.54,39,321.55,54,321.58,765,321.59,251,321.6,620,321.61,790,321.62,321.45
2025-06-06 10:43:40,184,321.47,34,321.46,234,321.45,184,321.44,34,321.43,184,321.42,1,321.41,3384,321.4,50,321.38,1530,321.37,236,321.59,200,321.6,389,321.61,1,321.62,237,321.63,113,321.64,827,321.65,370,321.66,134,321.67,44,321.68,321.53
2025-06-06 10:43:50,3464,321.4,134,321.39,84,321.38,1214,321.37,1334,321.36,334,321.35,34,321.34,151,321.32,1,321.31,589,321.3,9025,321.52,99,321.53,100,321.54,10,321.56,143,321.58,414,321.59,223,321.6,475,321.61,335,321.62,560,321.63,321.46
2025-06-06 10:44:00,34,321.27,91,321.26,584,321.25,664,321.24,34,321.23,1002,321.22,500,321.21,250,321.2,563,321.18,3219,321.17,131,321.41,181,321.42,195,321.43,1,321.45,236,321.46,334,321.47,238,321.48,517,321.49,502,321.5,366,321.51,321.34000000000003
2025-06-06 10:44:10,35,321.33,243,321.32,1035,321.31,189,321.3,500,321.29,237,321.28,500,321.27,81,321.26,1180,321.25,300,321.24,60,321.49,135,321.5,300,321.51,2915,321.52,73,321.53,25,321.55,38,321.56,302,321.57,130,321.58,334,321.59,321.40999999999997
2025-06-06 10:44:20,1035,321.31,523,321.3,335,321.29,35,321.28,34,321.27,57,321.26,150,321.25,300,321.24,731,321.23,1602,321.22,568,321.42,152,321.43,100,321.44,85,321.47,83,321.48,2,321.49,260,321.5,371,321.51,2949,321.52,74,321.53,321.365
2025-06-06 10:44:30,34,321.43,101,321.42,2,321.41,1195,321.4,56,321.39,163,321.38,1530,321.37,150,321.36,1000,321.35,501,321.33,1,321.57,16,321.58,217,321.59,204,321.6,189,321.61,100,321.62,54,321.63,417,321.64,527,321.65,36,321.66,321.5
2025-06-06 10:44:40,34,321.44,34,321.43,233,321.42,1272,321.41,1195,321.4,56,321.39,1000,321.38,1000,321.37,150,321.36,30,321.35,70,321.58,144,321.59,239,321.6,189,321.61,33,321.62,89,321.63,384,321.64,527,321.65,70,321.66,151,321.67,321.51
2025-06-06 10:44:50,390,321.39,334,321.38,1134,321.37,184,321.36,34,321.35,4,321.34,269,321.33,480,321.32,1,321.31,89,321.3,3,321.53,5,321.55,100,321.56,115,321.57,116,321.58,429,321.59,258,321.6,223,321.61,184,321.62,103,321.63,321.46
2025-06-06 10:45:01,90,321.39,34,321.38,434,321.37,334,321.36,34,321.35,4,321.34,1,321.33,450,321.32,1,321.31,1089,321.3,164,321.5,371,321.51,45,321.52,518,321.55,10,321.57,82,321.58,429,321.59,598,321.6,459,321.61,484,321.62,321.445
2025-06-06 10:45:11,284,321.36,34,321.35,4,321.34,237,321.33,124,321.32,1001,321.31,1299,321.3,681,321.28,400,321.25,2753,321.24,226,321.5,479,321.51,46,321.52,518,321.55,10,321.57,198,321.58,463,321.59,508,321.6,223,321.61,80,321.62,321.43
2025-06-06 10:45:21,35,321.31,333,321.3,34,321.29,185,321.28,600,321.26,104,321.25,1150,321.24,1,321.23,502,321.22,1000,321.21,2837,321.44,215,321.46,279,321.48,67,321.49,958,321.5,304,321.51,113,321.52,34,321.53,134,321.54,434,321.55,321.375
2025-06-06 10:45:31,485,321.28,334,321.27,34,321.26,30,321.25,202,321.24,701,321.23,1002,321.22,1000,321.21,1410,321.2,150,321.17,80,321.41,100,321.42,235,321.43,2769,321.44,2,321.45,130,321.46,236,321.47,305,321.48,278,321.49,958,321.5,321.345
2025-06-06 10:45:41,40,321.31,533,321.3,334,321.29,1,321.28,130,321.25,273,321.24,1701,321.23,2,321.22,1000,321.21,3543,321.2,124,321.44,367,321.45,30,321.46,390,321.48,404,321.49,1059,321.5,304,321.51,75,321.52,34,321.53,66,321.54,321.375
2025-06-06 10:45:51,35,321.33,150,321.32,106,321.31,299,321.3,220,321.29,1001,321.28,30,321.26,150,321.24,1001,321.23,2330,321.22,100,321.47,305,321.48,23,321.49,613,321.5,389,321.51,42,321.52,33,321.53,44,321.57,289,321.58,463,321.59,321.4
2025-06-06 10:46:01,484,321.32,242,321.31,399,321.3,1,321.28,62,321.26,100,321.25,370,321.24,2001,321.23,302,321.22,1150,321.21,20,321.44,77,321.45,405,321.48,96,321.49,651,321.5,304,321.51,42,321.52,33,321.53,100,321.55,34,321.56,321.38
2025-06-06 10:46:11,484,321.35,1134,321.34,1,321.33,150,321.32,6,321.31,299,321.3,500,321.29,1001,321.28,300,321.27,1530,321.26,57,321.47,254,321.48,120,321.49,906,321.5,304,321.51,42,321.52,33,321.53,85,321.54,54,321.57,455,321.58,321.41
2025-06-06 10:46:21,434,321.38,34,321.37,134,321.36,150,321.35,1000,321.34,1,321.33,150,321.32,61,321.31,1329,321.3,1000,321.29,586,321.5,304,321.51,73,321.52,100,321.55,33,321.56,15,321.57,258,321.58,1229,321.59,459,321.6,213,321.61,321.44
2025-06-06 10:46:31,650,321.39,334,321.38,80,321.37,134,321.36,184,321.35,1100,321.34,1,321.33,150,321.32,6,321.31,1329,321.3,337,321.5,444,321.51,73,321.52,141,321.55,33,321.56,100,321.57,274,321.58,1229,321.59,505,321.6,213,321.61,321.445
2025-06-06 10:46:41,696,321.39,434,321.38,34,321.37,134,321.36,184,321.35,1100,321.34,1,321.33,51,321.31,1829,321.3,500,321.29,37,321.5,445,321.51,78,321.52,41,321.55,118,321.56,15,321.57,185,321.58,1229,321.59,597,321.6,213,321.61,321.445
2025-06-06 10:46:51,334,321.44,34,321.43,1050,321.42,454,321.41,339,321.4,206,321.39,600,321.38,100,321.36,271,321.35,3215,321.34,36,321.58,1347,321.59,313,321.6,279,321.61,12,321.62,431,321.63,184,321.64,535,321.65,34,321.66,100,321.67,321.51
2025-06-06 10:47:01,34,321.72,300,321.7,300,321.69,150,321.67,100,321.66,500,321.64,150,321.63,1100,321.62,330,321.61,3574,321.6,57,321.85,151,321.86,217,321.87,125,321.88,496,321.89,3133,321.9,85,321.91,107,321.93,102,321.94,86,321.95,321.785
2025-06-06 10:47:11,534,321.71,110,321.7,450,321.67,400,321.66,150,321.63,1100,321.62,830,321.61,1000,321.59,236,321.58,4074,321.57,109,321.85,172,321.86,436,321.87,1225,321.88,579,321.89,3233,321.9,507,321.93,402,321.94,136,321.95,256,321.96,321.78
2025-06-06 10:47:21,134,321.73,134,321.72,534,321.71,32,321.68,450,321.67,400,321.66,150,321.63,1100,321.62,830,321.61,1,321.6,297,321.86,200,321.87,1278,321.88,198,321.89,3216,321.9,110,321.92,408,321.93,302,321.94,136,321.95,156,321.96,321.795
2025-06-06 10:47:31,80,321.78,134,321.77,270,321.76,534,321.75,134,321.74,1134,321.73,1164,321.72,150,321.71,100,321.7,500,321.68,2836,321.9,73,321.92,108,321.93,2,321.94,136,321.95,159,321.96,547,321.97,779,321.98,414,321.99,13560,322.0,321.84
2025-06-06 10:47:41,144,321.77,34,321.76,1722,321.75,134,321.74,134,321.73,100,321.72,150,321.71,1000,321.69,500,321.68,550,321.67,475,321.88,50,321.89,1044,321.9,1,321.92,108,321.93,2,321.94,96,321.95,102,321.96,377,321.97,764,321.98,321.825
2025-06-06 10:47:51,187,321.79,34,321.78,34,321.77,2134,321.76,452,321.75,1000,321.73,286,321.71,2078,321.68,101,321.65,150,321.62,3,321.92,57,321.95,77,321.96,32,321.97,332,321.98,337,321.99,11453,322.0,147,322.01,80,322.02,35,322.03,321.855
2025-06-06 10:48:01,1000,321.87,81,321.86,430,321.85,116,321.84,594,321.83,637,321.82,1706,321.81,11914,321.8,187,321.79,34,321.78,11205,322.0,197,322.01,499,322.02,35,322.03,41,322.04,135,322.05,80,322.06,34,322.07,186,322.08,45,322.09,321.935
2025-06-06 10:48:11,80,321.87,549,321.86,430,321.85,570,321.84,94,321.83,637,321.82,1606,321.81,11414,321.8,253,321.79,3087,321.76,3000,322.0,163,322.01,10,322.02,457,322.03,34,322.04,35,322.05,34,322.06,44,322.07,65,322.08,66,322.09,321.935
2025-06-06 10:48:21,94,321.83,637,321.82,2121,321.81,11414,321.8,284,321.79,534,321.78,1000,321.76,452,321.75,2237,321.71,100,321.7,269,321.99,3082,322.0,113,322.01,110,322.02,35,322.03,34,322.04,125,322.05,44,322.06,215,322.07,111,322.08,321.90999999999997
2025-06-06 10:48:31,1143,321.88,34,321.87,49,321.86,894,321.85,134,321.84,1094,321.83,638,321.82,2121,321.81,11513,321.8,450,321.79,422,322.0,173,322.01,10,322.02,1,322.03,34,322.04,120,322.05,34,322.06,34,322.07,65,322.08,159,322.09,321.94
2025-06-06 10:48:41,1512,322.0,500,321.99,333,321.98,34,321.97,144,321.96,34,321.95,34,321.94,342,321.93,734,321.92,634,321.91,4581,322.13,186,322.14,83,322.15,234,322.16,137,322.17,38,322.18,41,322.19,188,322.2,84,322.21,153,322.22,322.065
2025-06-06 10:48:51,1234,321.92,534,321.91,2451,321.9,184,321.89,34,321.88,370,321.87,939,321.86,2293,321.85,262,321.84,1160,321.83,22,322.07,146,322.08,20,322.09,34,322.1,415,322.11,271,322.12,2061,322.13,336,322.14,37,322.15,379,322.16,321.995
2025-06-06 10:49:01,80,321.78,66,321.77,1034,321.76,284,321.75,34,321.74,334,321.73,500,321.72,1500,321.71,150,321.7,1000,321.68,372,321.92,227,321.93,189,321.96,146,321.97,437,321.98,1186,321.99,354,322.0,91,322.01,293,322.02,66,322.03,321.85
2025-06-06 10:49:11,34,321.94,220,321.93,1040,321.92,1634,321.91,1677,321.9,1064,321.89,80,321.88,134,321.87,539,321.86,2468,321.85,100,322.09,109,322.1,536,322.11,198,322.12,2059,322.13,586,322.14,268,322.15,177,322.16,37,322.17,47,322.18,322.015
2025-06-06 10:49:21,380,321.79,484,321.78,34,321.77,2634,321.76,34,321.75,150,321.74,800,321.73,2074,321.72,1000,321.69,100,321.68,33,321.95,82,321.96,107,321.97,445,321.98,310,321.99,624,322.0,180,322.01,189,322.02,408,322.03,334,322.04,321.87
2025-06-06 10:49:31,184,321.78,380,321.77,2334,321.76,234,321.75,684,321.74,300,321.73,100,321.72,15,321.71,500,321.7,100,321.68,505,321.91,100,321.92,265,321.93,100,321.94,15,321.95,52,321.96,227,321.97,355,321.98,417,321.99,941,322.0,321.845
2025-06-06 10:49:41,334,321.72,34,321.71,184,321.7,34,321.69,1000,321.68,800,321.67,150,321.66,1100,321.64,650,321.62,100,321.59,2,321.87,3,321.88,21,321.89,94,321.9,50,321.91,190,321.92,10,321.93,141,321.94,175,321.95,263,321.96,321.795
2025-06-06 10:49:51,184,321.45,34,321.44,771,321.43,1250,321.42,2141,321.41,350,321.4,150,321.39,650,321.38,500,321.37,100,321.36,95,321.62,4,321.63,27,321.64,347,321.67,434,321.68,34,321.69,34,321.7,143,321.71,330,321.72,34,321.73,321.53499999999997
2025-06-06 10:50:01,125,321.4,534,321.39,484,321.38,529,321.37,135,321.36,200,321.35,800,321.34,500,321.33,1200,321.32,1156,321.31,13,321.52,52,321.53,95,321.55,109,321.57,29,321.58,12,321.59,393,321.6,34,321.61,142,321.62,1134,321.63,321.46
2025-06-06 10:50:11,229,321.46,334,321.45,435,321.44,384,321.43,700,321.42,1001,321.41,800,321.4,200,321.39,1500,321.37,201,321.36,10,321.59,69,321.6,39,321.61,139,321.62,50,321.64,110,321.66,284,321.67,244,321.68,34,321.69,297,321.7,321.525
2025-06-06 10:50:21,230,321.46,134,321.45,435,321.44,384,321.43,734,321.42,1501,321.41,300,321.4,800,321.39,1500,321.38,2201,321.36,12,321.6,89,321.61,96,321.62,50,321.64,100,321.65,228,321.66,134,321.67,35,321.68,143,321.69,80,321.7,321.53
2025-06-06 10:50:31,34,321.55,84,321.54,134,321.53,142,321.52,1034,321.51,271,321.5,700,321.49,1500,321.48,801,321.47,150,321.46,528,321.7,123,321.71,195,321.72,43,321.73,34,321.75,84,321.76,44,321.77,318,321.78,126,321.79,1084,321.8,321.625
2025-06-06 10:50:41,77,321.47,406,321.46,705,321.45,1535,321.44,384,321.43,1034,321.42,1000,321.41,500,321.4,1560,321.39,800,321.37,16,321.61,1,321.62,479,321.63,255,321.64,200,321.65,100,321.66,193,321.67,142,321.68,577,321.69,427,321.7,321.54
2025-06-06 10:50:51,134,321.38,1034,321.37,480,321.36,734,321.35,1534,321.34,84,321.33,234,321.32,1147,321.31,212,321.3,1,321.29,408,321.51,147,321.52,32,321.55,90,321.56,327,321.57,252,321.58,527,321.59,1924,321.6,594,321.61,334,321.62,321.445
2025-06-06 10:51:01,334,321.38,1334,321.37,134,321.36,334,321.35,1034,321.34,84,321.33,234,321.32,1147,321.31,812,321.3,1,321.29,90,321.51,21,321.52,195,321.54,236,321.55,74,321.56,144,321.57,386,321.58,427,321.59,1824,321.6,194,321.61,321.445
2025-06-06 10:51:11,301,321.4,1444,321.39,34,321.38,184,321.37,1734,321.36,334,321.35,634,321.34,1500,321.33,500,321.32,297,321.31,96,321.55,421,321.57,324,321.58,134,321.59,1824,321.6,44,321.61,153,321.62,126,321.63,1084,321.64,34,321.65,321.475
2025-06-06 10:51:21,79,321.49,34,321.48,66,321.47,281,321.46,34,321.45,1584,321.44,1150,321.43,281,321.42,1650,321.41,1005,321.4,150,321.62,173,321.63,50,321.64,46,321.66,95,321.67,46,321.68,318,321.69,428,321.7,1034,321.71,37,321.72,321.555
2025-06-06 10:51:31,1350,321.4,1456,321.39,184,321.38,634,321.37,1284,321.36,1134,321.35,134,321.34,1034,321.33,234,321.32,331,321.31,214,321.54,164,321.55,427,321.56,213,321.57,419,321.58,34,321.59,66,321.6,180,321.61,223,321.62,680,321.63,321.47
2025-06-06 10:51:41,91,321.33,234,321.32,671,321.31,546,321.3,35,321.29,35,321.28,734,321.27,784,321.26,386,321.25,1335,321.24,144,321.47,216,321.48,129,321.49,70,321.5,567,321.51,1924,321.52,34,321.53,821,321.54,1080,321.55,484,321.56,321.4
2025-06-06 10:51:51,542,321.3,144,321.29,985,321.28,334,321.27,134,321.26,82,321.25,1035,321.24,1034,321.23,377,321.22,600,321.21,128,321.44,201,321.46,107,321.47,339,321.48,1034,321.49,75,321.5,44,321.51,2020,321.52,334,321.53,445,321.54,321.37
2025-06-06 10:52:01,283,321.27,634,321.26,128,321.25,1035,321.24,1034,321.23,377,321.22,634,321.21,49,321.2,699,321.19,1150,321.18,250,321.4,130,321.41,35,321.43,134,321.44,99,321.45,235,321.46,444,321.47,384,321.48,1134,321.49,739,321.5,321.335
2025-06-06 10:52:11,334,320.94,146,320.93,1150,320.92,600,320.91,466,320.9,150,320.88,600,320.87,32,320.84,1000,320.83,1250,320.82,284,321.12,1000,321.13,258,321.16,165,321.17,80,321.18,34,321.19,34,321.2,34,321.21,34,321.22,199,321.23,321.03
2025-06-06 10:52:21,34,320.89,34,320.88,1134,320.87,234,320.86,34,320.85,1000,320.84,1070,320.83,172,320.82,2178,320.81,251,320.8,195,321.05,12,321.08,41,321.09,34,321.1,199,321.11,34,321.12,310,321.13,380,321.14,34,321.15,584,321.16,320.97
2025-06-06 10:52:31,1232,320.96,1034,320.95,1034,320.94,139,320.93,1134,320.92,191,320.91,400,320.9,234,320.89,1100,320.88,1800,320.87,100,321.11,1,321.12,134,321.14,34,321.15,84,321.16,318,321.17,344,321.18,563,321.19,34,321.2,180,321.21,321.03499999999997
2025-06-06 10:52:41,2072,320.87,394,320.86,467,320.85,1034,320.84,1964,320.83,2178,320.81,251,320.8,250,320.79,835,320.77,2032,320.76,65,321.0,1,321.01,135,321.02,109,321.05,100,321.06,34,321.07,418,321.08,84,321.09,580,321.1,284,321.11,320.935
2025-06-06 10:52:51,310,320.94,1100,320.93,100,320.91,366,320.9,500,320.89,1200,320.88,500,320.87,42,320.86,3593,320.85,1930,320.83,53,321.1,100,321.11,100,321.12,50,321.16,209,321.17,10,321.18,481,321.19,334,321.2,334,321.21,184,321.22,321.02
2025-06-06 10:53:01,184,320.92,134,320.91,251,320.9,164,320.89,1050,320.88,200,320.87,1010,320.86,501,320.85,1035,320.84,3580,320.83,100,321.09,1000,321.11,103,321.12,284,321.14,34,321.15,234,321.16,40,321.17,163,321.18,143,321.19,317,321.2,321.005
2025-06-06 10:53:11,72,321.2,1034,321.19,34,321.18,139,321.17,217,321.16,444,321.15,1034,321.14,634,321.13,184,321.12,1000,321.11,31,321.35,335,321.37,60,321.38,334,321.39,44,321.4,1162,321.41,34,321.42,34,321.43,173,321.44,54,321.45,321.275
2025-06-06 10:53:21,34,321.2,49,321.19,450,321.18,1054,321.17,184,321.16,1482,321.15,1534,321.14,34,321.13,684,321.12,1100,321.11,120,321.35,34,321.36,435,321.37,34,321.38,235,321.39,73,321.4,1162,321.41,34,321.42,134,321.43,34,321.44,321.275
2025-06-06 10:53:31,134,321.1,34,321.09,1184,321.08,34,321.07,34,321.06,34,321.05,650,321.04,2500,321.03,1107,321.02,300,321.01,23,321.26,119,321.27,1890,321.28,134,321.29,39,321.3,44,321.31,234,321.32,71,321.33,1340,321.34,179,321.35,321.18
2025-06-06 10:53:41,34,320.87,79,320.86,585,320.85,166,320.84,2269,320.83,34,320.82,1212,320.81,1185,320.8,1541,320.79,534,320.78,13101,321.01,318,321.03,34,321.04,134,321.05,80,321.06,34,321.07,34,321.08,44,321.09,143,321.1,134,321.11,320.94
2025-06-06 10:53:51,270,321.04,817,321.03,137,321.02,479,321.01,858,321.0,1259,320.99,234,320.98,250,320.97,1500,320.96,3082,320.94,98,321.18,62,321.19,100,321.2,46,321.22,34,321.23,133,321.24,527,321.25,34,321.26,73,321.27,1824,321.28,321.11
2025-06-06 10:54:01,223,320.95,530,320.94,769,320.93,684,320.92,704,320.91,5251,320.9,1567,320.89,100,320.88,150,320.87,1010,320.86,26,321.12,95,321.13,34,321.14,420,321.15,480,321.16,1034,321.17,50,321.18,63,321.19,443,321.2,434,321.21,321.03499999999997
2025-06-06 10:54:11,191,320.89,34,320.88,34,320.87,179,320.86,735,320.85,930,320.84,1964,320.83,100,320.82,1679,320.81,1701,320.8,127,321.02,2,321.03,36,321.04,231,321.05,144,321.07,84,321.08,156,321.09,1184,321.1,334,321.11,698,321.12,320.955
2025-06-06 10:54:21,341,320.79,334,320.78,530,320.77,2966,320.76,400,320.75,238,320.73,751,320.72,102,320.71,1108,320.7,850,320.69,1,320.93,293,320.94,147,320.95,255,320.96,1000,320.97,100,320.98,35,320.99,372,321.0,102,321.01,665,321.02,320.86
2025-06-06 10:54:31,1213,320.81,1235,320.8,441,320.79,380,320.78,486,320.77,2901,320.76,400,320.75,203,320.73,751,320.72,102,320.71,69,320.95,362,320.96,1102,320.97,100,320.98,102,320.99,348,321.0,112,321.01,494,321.02,34,321.03,287,321.04,320.88
2025-06-06 10:54:41,134,320.88,1069,320.87,299,320.86,435,320.85,443,320.84,1944,320.83,80,320.82,2213,320.81,1335,320.8,507,320.79,190,321.0,38,321.01,281,321.02,2,321.03,146,321.04,96,321.05,134,321.06,34,321.07,44,321.08,34,321.09,320.94
2025-06-06 10:54:51,41,320.89,34,320.88,300,320.87,565,320.86,433,320.85,659,320.84,2145,320.83,1179,320.81,1408,320.8,1007,320.79,65,321.0,4,321.01,281,321.02,2,321.03,135,321.04,62,321.05,7,321.08,129,321.09,102,321.1,22,321.11,320.945
2025-06-06 10:55:01,412,320.84,2244,320.83,369,320.82,1213,320.81,1092,320.8,41,320.79,134,320.78,772,320.77,3016,320.76,400,320.75,200,320.96,13,320.97,2,320.98,126,320.99,174,321.0,38,321.01,357,321.02,636,321.03,186,321.04,205,321.05,320.9
2025-06-06 10:55:11,105,320.88,134,320.87,834,320.86,335,320.85,1020,320.84,1944,320.83,284,320.82,1213,320.81,908,320.8,507,320.79,695,321.0,100,321.01,521,321.03,100,321.05,34,321.06,284,321.07,34,321.08,34,321.09,445,321.1,502,321.11,320.94
2025-06-06 10:55:22,261,320.88,100,320.87,299,320.86,335,320.85,634,320.84,2025,320.83,184,320.82,1213,320.81,1542,320.8,541,320.79,118,321.01,134,321.02,35,321.03,134,321.04,330,321.05,134,321.06,185,321.07,34,321.08,63,321.09,445,321.1,320.945
2025-06-06 10:55:32,41,320.89,859,320.88,334,320.87,299,320.86,224,320.85,592,320.84,1910,320.83,1179,320.81,1558,320.8,2400,320.79,131,321.03,11,321.05,100,321.06,100,321.07,84,321.08,144,321.09,37,321.1,67,321.11,473,321.12,334,321.13,320.96
2025-06-06 10:55:42,74,320.93,634,320.92,1301,320.91,5843,320.9,41,320.89,59,320.88,484,320.87,265,320.86,2094,320.85,1458,320.84,108,321.11,35,321.12,135,321.13,34,321.14,62,321.15,130,321.16,246,321.17,584,321.18,243,321.19,54,321.2,321.02
2025-06-06 10:55:52,33,320.85,408,320.84,1860,320.83,5415,320.82,1513,320.81,2092,320.8,141,320.79,534,320.78,1536,320.77,2016,320.76,37,320.97,146,320.98,36,320.99,104,321.0,134,321.01,34,321.02,191,321.03,330,321.04,143,321.05,184,321.06,320.91
2025-06-06 10:56:02,34,320.97,508,320.96,1180,320.95,134,320.94,534,320.93,34,320.92,134,320.91,4744,320.9,7,320.89,175,320.88,50,321.14,62,321.15,84,321.16,736,321.17,231,321.18,34,321.19,64,321.2,443,321.21,1035,321.22,34,321.23,321.055
2025-06-06 10:56:12,284,321.0,135,320.99,1134,320.98,35,320.97,194,320.96,634,320.95,1034,320.94,534,320.93,150,320.92,4711,320.9,90,321.14,15,321.15,215,321.17,185,321.18,136,321.19,64,321.2,580,321.21,335,321.22,34,321.23,184,321.24,321.07
2025-06-06 10:56:22,387,320.96,340,320.95,34,320.94,80,320.93,420,320.92,639,320.91,4711,320.9,7,320.89,775,320.88,32,320.87,13,321.1,53,321.11,120,321.12,152,321.13,167,321.14,330,321.15,87,321.16,649,321.17,194,321.18,36,321.19,321.03
2025-06-06 10:56:32,612,320.93,484,320.92,1339,320.91,4745,320.9,507,320.89,175,320.88,265,320.86,2213,320.85,1458,320.84,1860,320.83,335,321.09,102,321.1,89,321.11,2,321.12,89,321.13,284,321.14,38,321.15,234,321.16,296,321.17,493,321.18,321.01
2025-06-06 10:56:42,284,320.98,135,320.97,35,320.96,86,320.95,534,320.94,1134,320.93,534,320.92,2301,320.91,4711,320.9,107,320.89,371,321.16,249,321.17,485,321.18,582,321.19,354,321.2,234,321.21,294,321.22,340,321.23,1334,321.24,39,321.25,321.07000000000005
2025-06-06 10:56:52,5291,320.9,41,320.89,159,320.88,35,320.87,1299,320.86,167,320.85,1758,320.84,2160,320.83,5000,320.82,1179,320.81,431,321.01,200,321.02,16,321.03,298,321.06,250,321.07,584,321.09,449,321.1,34,321.11,34,321.12,80,321.13,320.955
2025-06-06 10:57:02,300,321.07,409,321.06,111,321.05,403,321.04,502,321.03,1184,321.02,34,321.01,134,321.0,34,320.99,1034,320.98,470,321.18,111,321.19,359,321.2,534,321.21,135,321.22,243,321.23,35,321.24,42,321.25,334,321.26,90,321.27,321.125
2025-06-06 10:57:12,300,321.07,409,321.06,250,321.04,766,321.03,1230,321.02,34,321.01,134,321.0,64,320.99,1034,320.98,534,320.97,439,321.18,111,321.19,369,321.2,34,321.21,135,321.22,143,321.23,135,321.24,88,321.25,334,321.26,544,321.27,321.125
2025-06-06 10:57:22,140,320.94,538,320.93,380,320.92,506,320.91,5111,320.9,7,320.89,25,320.88,1,320.87,1415,320.86,501,320.85,2,321.08,8,321.1,32,321.11,21,321.12,250,321.13,16,321.14,533,321.15,184,321.16,137,321.17,184,321.18,321.01
2025-06-06 10:57:32,325,320.93,600,320.92,972,320.91,6410,320.9,7,320.89,25,320.88,237,320.87,415,320.86,501,320.85,1400,320.84,86,321.05,491,321.06,9,321.07,101,321.09,100,321.1,22,321.12,150,321.13,6,321.14,679,321.15,550,321.16,320.99
2025-06-06 10:57:42,180,320.96,141,320.95,834,320.94,300,320.93,103,320.92,672,320.91,1877,320.9,507,320.89,25,320.88,2067,320.87,1,321.11,1,321.12,100,321.14,100,321.15,53,321.16,274,321.17,443,321.18,282,321.19,1320,321.2,455,321.21,321.03499999999997
2025-06-06 10:57:52,59,320.88,81,320.87,452,320.86,803,320.85,1134,320.84,1860,320.83,7216,320.82,1679,320.81,913,320.8,9,320.79,131,321.04,108,321.05,103,321.06,100,321.07,62,321.08,290,321.09,380,321.1,593,321.11,35,321.12,34,321.13,320.96000000000004
2025-06-06 10:58:02,654,320.89,25,320.88,151,320.87,268,320.86,537,320.85,600,320.84,1860,320.83,6150,320.82,1179,320.81,913,320.8,120,321.0,13,321.04,275,321.07,100,321.08,109,321.09,800,321.1,300,321.11,1,321.12,1000,321.13,34,321.14,320.945
2025-06-06 10:58:12,335,320.96,335,320.95,100,320.93,20,320.92,672,320.91,1877,320.9,107,320.89,25,320.88,1651,320.87,268,320.86,1,321.07,500,321.1,7,321.11,101,321.12,120,321.15,53,321.16,324,321.17,300,321.18,36,321.19,480,321.2,321.015
2025-06-06 10:58:22,402,321.05,143,321.04,298,321.03,300,321.02,400,321.01,379,321.0,460,320.99,500,320.97,122,320.96,651,320.95,1,321.18,21,321.19,346,321.2,121,321.21,101,321.22,101,321.24,108,321.25,274,321.26,610,321.27,601,321.28,321.115
2025-06-06 10:58:32,199,321.0,350,320.99,547,320.98,400,320.97,402,320.96,601,320.95,536,320.93,620,320.92,1672,320.91,878,320.9,96,321.12,8,321.14,7,321.15,50,321.16,110,321.17,108,321.18,286,321.19,346,321.2,430,321.21,1,321.22,321.06
2025-06-06 10:58:42,151,320.96,501,320.95,152,320.94,252,320.92,1564,320.91,878,320.9,307,320.89,325,320.88,251,320.87,268,320.86,29,321.08,15,321.09,7,321.1,137,321.11,60,321.12,1,321.13,387,321.14,506,321.15,459,321.16,100,321.17,321.02
2025-06-06 10:58:52,302,320.99,34,320.98,134,320.97,135,320.96,35,320.95,852,320.94,320,320.92,2472,320.91,1878,320.9,507,320.89,112,321.13,113,321.14,9,321.15,82,321.16,300,321.17,248,321.18,651,321.19,380,321.2,555,321.21,1035,321.22,321.06
2025-06-06 10:59:02,34,320.98,284,320.97,135,320.96,101,320.95,1194,320.94,300,320.93,220,320.92,1322,320.91,2378,320.9,7,320.89,546,321.11,138,321.12,23,321.13,115,321.14,2,321.15,56,321.16,16,321.17,414,321.18,196,321.19,796,321.2,321.045
2025-06-06 10:59:12,256,321.02,294,321.01,3142,321.0,2,320.99,534,320.98,150,320.97,501,320.96,1,320.95,352,320.94,2112,320.93,379,321.18,435,321.19,376,321.2,1021,321.21,35,321.22,334,321.23,444,321.24,239,321.25,134,321.26,44,321.27,321.1
2025-06-06 10:59:22,534,320.98,284,320.97,77,320.96,1,320.95,302,320.94,500,320.93,270,320.92,1322,320.91,1978,320.9,7,320.89,43,321.11,243,321.12,107,321.13,400,321.14,531,321.15,742,321.16,371,321.18,170,321.19,526,321.2,1055,321.21,321.045
2025-06-06 10:59:32,77,320.96,35,320.95,202,320.94,870,320.92,1322,320.91,1978,320.9,307,320.89,325,320.88,2135,320.87,918,320.86,236,321.11,60,321.12,338,321.13,300,321.14,631,321.15,442,321.16,59,321.17,151,321.18,165,321.19,550,321.2,321.03499999999997
2025-06-06 10:59:42,147,321.01,3072,321.0,2,320.99,34,320.98,184,320.97,35,320.96,35,320.95,802,320.94,606,320.92,1322,320.91,315,321.15,392,321.16,449,321.17,1,321.18,22,321.19,707,321.2,1455,321.21,144,321.22,34,321.23,35,321.24,321.08
2025-06-06 10:59:52,134,321.01,3072,321.0,502,320.99,100,320.98,450,320.97,301,320.96,1,320.95,302,320.94,736,320.93,270,320.92,2,321.17,111,321.18,295,321.19,332,321.2,1021,321.21,301,321.22,334,321.23,244,321.24,39,321.25,34,321.26,321.09000000000003
2025-06-06 11:00:02,80,321.09,226,321.08,35,321.07,556,321.06,449,321.05,334,321.04,152,321.03,325,321.02,234,321.01,4038,321.0,608,321.2,21,321.21,1,321.22,16,321.23,1,321.24,39,321.25,34,321.26,344,321.27,292,321.28,34,321.29,321.145
2025-06-06 11:00:12,86,321.08,166,321.07,656,321.06,491,321.05,334,321.04,34,321.03,26,321.02,370,321.01,3038,321.0,650,320.99,1293,321.2,21,321.21,17,321.22,100,321.23,105,321.24,39,321.25,34,321.26,444,321.27,192,321.28,34,321.29,321.14
2025-06-06 11:00:22,213,321.07,334,321.06,340,321.05,312,321.04,134,321.03,176,321.02,370,321.01,2072,321.0,1684,320.99,1000,320.97,15,321.19,1287,321.2,158,321.21,1,321.22,284,321.23,139,321.24,189,321.25,34,321.26,153,321.27,292,321.28,321.13
2025-06-06 11:00:32,184,321.11,334,321.1,443,321.09,142,321.08,135,321.07,34,321.06,40,321.05,225,321.04,634,321.03,175,321.02,15,321.24,79,321.25,134,321.26,153,321.27,136,321.28,137,321.29,489,321.3,1304,321.31,243,321.32,39,321.33,321.175
2025-06-06 11:00:42,475,321.09,484,321.08,735,321.07,1184,321.06,540,321.05,34,321.04,34,321.03,237,321.02,57,321.01,3138,321.0,1,321.23,17,321.24,202,321.25,2,321.26,100,321.27,317,321.28,286,321.29,489,321.3,454,321.31,243,321.32,321.15999999999997
2025-06-06 11:00:52,34,321.13,100,321.12,270,321.11,334,321.1,34,321.09,443,321.08,1135,321.07,1284,321.06,1040,321.05,2125,321.03,219,321.28,136,321.29,313,321.3,304,321.31,97,321.32,139,321.33,44,321.34,225,321.35,543,321.36,1186,321.37,321.205
2025-06-06 11:01:02,81,321.07,197,321.06,597,321.05,1434,321.04,334,321.03,185,321.02,134,321.01,2188,321.0,2065,320.99,501,320.97,100,321.22,44,321.23,150,321.24,134,321.25,284,321.26,116,321.27,292,321.28,532,321.29,606,321.3,304,321.31,321.145
2025-06-06 11:01:12,184,321.11,334,321.1,680,321.09,34,321.08,35,321.07,184,321.06,140,321.05,1184,321.04,134,321.03,35,321.02,159,321.25,17,321.26,280,321.27,292,321.28,245,321.29,200,321.3,450,321.31,333,321.32,340,321.33,694,321.34,321.18
2025-06-06 11:01:22,482,321.05,2184,321.04,634,321.03,35,321.02,57,321.01,2038,321.0,2715,320.99,1100,320.98,237,320.97,1033,320.96,1050,321.2,100,321.22,100,321.24,150,321.26,153,321.27,442,321.28,136,321.29,300,321.3,304,321.31,593,321.32,321.125
2025-06-06 11:01:32,1034,321.04,434,321.03,335,321.02,184,321.01,2088,321.0,150,320.99,501,320.97,501,320.96,2364,320.94,1000,320.93,233,321.18,385,321.19,1066,321.2,350,321.24,44,321.25,293,321.26,56,321.27,342,321.28,436,321.29,600,321.3,321.11
2025-06-06 11:01:42,682,321.05,34,321.04,34,321.03,35,321.02,284,321.01,2127,321.0,284,320.99,34,320.98,2001,320.97,1,320.96,256,321.19,995,321.2,100,321.21,34,321.23,510,321.24,1134,321.25,34,321.26,165,321.27,238,321.28,287,321.29,321.12
2025-06-06 11:01:52,34,321.14,34,321.13,34,321.12,134,321.11,34,321.1,410,321.09,1034,321.08,535,321.07,1456,321.05,2562,321.03,165,321.3,326,321.31,99,321.32,360,321.33,136,321.34,279,321.35,136,321.36,245,321.37,35,321.38,237,321.39,321.22
2025-06-06 11:02:02,34,320.98,35,320.97,201,320.96,100,320.95,352,320.94,57,320.92,822,320.91,1528,320.9,1007,320.89,8,320.88,420,321.09,36,321.1,32,321.11,1049,321.12,100,321.13,197,321.14,90,321.15,60,321.16,300,321.17,450,321.18,321.03499999999997
2025-06-06 11:02:12,184,320.99,66,320.98,451,320.97,601,320.96,1500,320.95,202,320.94,100,320.92,322,320.91,1078,320.9,7,320.89,100,321.16,100,321.17,9,321.18,219,321.19,111,321.2,118,321.21,341,321.22,434,321.23,593,321.24,89,321.25,321.07500000000005
2025-06-06 11:02:22,333,320.93,326,320.92,356,320.91,878,320.9,807,320.89,1308,320.88,151,320.87,273,320.86,446,320.85,1303,320.84,23,321.06,1,321.07,2,321.08,100,321.09,3,321.1,90,321.11,35,321.12,118,321.13,253,321.14,437,321.15,320.995
2025-06-06 11:02:32,284,320.92,356,320.91,612,320.9,107,320.89,1109,320.88,651,320.87,473,320.86,21,320.85,1303,320.84,2760,320.83,338,321.06,66,321.07,100,321.08,63,321.1,337,321.11,735,321.12,358,321.13,334,321.14,44,321.15,220,321.16,320.99
2025-06-06 11:02:42,1179,320.81,1047,320.8,91,320.79,34,320.78,182,320.77,2016,320.76,884,320.75,484,320.74,537,320.73,1035,320.72,889,320.92,134,320.96,695,320.97,134,320.98,480,320.99,534,321.0,40,321.01,184,321.02,1143,321.03,184,321.04,320.865
2025-06-06 11:02:52,1178,320.81,913,320.8,57,320.79,34,320.78,36,320.77,1866,320.76,484,320.75,484,320.74,437,320.73,1035,320.72,716,320.92,196,320.93,234,320.94,34,320.95,184,320.96,134,320.97,184,320.98,334,320.99,384,321.0,40,321.01,320.865
2025-06-06 11:03:02,989,320.8,49,320.79,34,320.78,36,320.77,1966,320.76,384,320.75,484,320.74,437,320.73,1081,320.72,2286,320.71,168,320.91,230,320.92,100,320.94,80,320.95,134,320.96,685,320.97,34,320.98,34,320.99,384,321.0,446,321.01,320.855
2025-06-06 11:03:12,955,320.8,15,320.79,34,320.78,1086,320.77,1866,320.76,384,320.75,184,320.74,1037,320.73,1381,320.72,1786,320.71,5,320.91,130,320.92,668,320.93,644,320.94,134,320.95,34,320.96,34,320.97,194,320.98,334,320.99,389,321.0,320.855
2025-06-06 11:03:22,1328,320.81,1089,320.8,49,320.79,34,320.78,1286,320.77,2166,320.76,484,320.75,184,320.74,683,320.73,1035,320.72,530,320.93,484,320.94,34,320.95,80,320.96,134,320.97,234,320.98,34,320.99,89,321.0,146,321.01,318,321.02,320.87
2025-06-06 11:03:32,955,320.8,15,320.79,34,320.78,986,320.77,1966,320.76,384,320.75,184,320.74,137,320.73,1181,320.72,2286,320.71,119,320.91,548,320.92,134,320.93,590,320.94,34,320.95,34,320.96,484,320.97,334,320.98,34,320.99,89,321.0,320.855
2025-06-06 11:03:42,1013,320.8,57,320.79,1,320.78,952,320.77,1832,320.76,384,320.75,284,320.74,183,320.73,1035,320.72,2288,320.71,663,320.91,251,320.92,34,320.93,544,320.94,230,320.95,34,320.96,484,320.97,334,320.98,44,320.99,239,321.0,320.855
2025-06-06 11:03:52,307,320.79,1,320.78,986,320.77,1866,320.76,684,320.75,530,320.74,284,320.73,1135,320.72,1788,320.71,66,320.7,60,320.92,34,320.93,454,320.94,134,320.95,180,320.96,134,320.97,34,320.98,270,320.99,424,321.0,546,321.01,320.855
2025-06-06 11:04:02,426,320.75,34,320.74,237,320.73,335,320.72,1634,320.71,66,320.7,35,320.69,37,320.68,817,320.67,544,320.66,24,320.87,50,320.88,236,320.89,384,320.9,234,320.91,140,320.92,341,320.93,604,320.94,34,320.95,1293,320.96,320.81
2025-06-06 11:04:12,210,320.78,1102,320.77,1866,320.76,726,320.75,334,320.74,183,320.73,67,320.72,1388,320.71,66,320.7,1035,320.69,89,320.9,71,320.92,34,320.93,454,320.94,90,320.95,1243,320.96,234,320.97,34,320.98,34,320.99,291,321.0,320.84
2025-06-06 11:04:22,1866,320.76,526,320.75,34,320.74,194,320.73,571,320.72,1734,320.71,66,320.7,535,320.69,42,320.68,185,320.67,102,320.89,8,320.9,40,320.92,280,320.93,454,320.94,44,320.95,1034,320.96,34,320.97,443,320.98,334,320.99,320.825
2025-06-06 11:04:32,34,320.74,237,320.73,360,320.72,1288,320.71,302,320.7,931,320.69,342,320.68,335,320.67,617,320.66,3121,320.65,483,320.85,19,320.87,34,320.89,134,320.9,44,320.91,230,320.92,168,320.93,563,320.94,1584,320.95,334,320.96,320.795
2025-06-06 11:04:42,34,320.74,437,320.73,335,320.72,1634,320.71,165,320.7,84,320.69,42,320.68,34,320.67,617,320.66,3086,320.65,331,320.85,50,320.86,29,320.87,1,320.9,44,320.91,35,320.92,552,320.93,609,320.94,1284,320.95,34,320.96,320.795
2025-06-06 11:04:52,2215,320.8,1107,320.79,34,320.78,986,320.77,1912,320.76,384,320.75,134,320.74,137,320.73,535,320.72,1288,320.71,100,320.93,393,320.94,1062,320.95,34,320.96,234,320.97,134,320.98,91,320.99,412,321.0,37,321.01,34,321.02,320.865
2025-06-06 11:05:02,100,320.84,728,320.83,5760,320.82,1662,320.81,1949,320.8,995,320.79,1034,320.78,986,320.77,2866,320.76,384,320.75,34,320.97,184,320.98,148,320.99,282,321.0,283,321.01,34,321.02,34,321.03,34,321.04,91,321.05,290,321.06,320.905
2025-06-06 11:05:12,860,320.83,5693,320.82,1289,320.81,1949,320.8,995,320.79,1134,320.78,1636,320.77,2366,320.76,1384,320.75,134,320.74,84,320.98,51,320.99,219,321.0,38,321.01,143,321.02,244,321.03,318,321.04,159,321.05,184,321.06,186,321.07,320.905
2025-06-06 11:05:22,1874,320.76,484,320.75,34,320.74,183,320.73,185,320.72,1138,320.71,515,320.7,484,320.69,42,320.68,538,320.67,34,320.91,111,320.92,418,320.93,284,320.94,44,320.95,789,320.96,334,320.97,31,320.98,92,320.99,674,321.0,320.83500000000004
2025-06-06 11:05:32,384,320.75,270,320.74,183,320.73,185,320.72,1138,320.71,515,320.7,484,320.69,42,320.68,66,320.67,745,320.66,29,320.86,200,320.87,132,320.88,234,320.9,34,320.91,152,320.92,201,320.93,184,320.94,334,320.95,535,320.96,320.805
2025-06-06 11:05:42,1102,320.77,1832,320.76,384,320.75,334,320.74,583,320.73,185,320.72,1138,320.71,220,320.7,184,320.69,542,320.68,439,320.9,190,320.91,83,320.92,134,320.93,35,320.94,181,320.95,49,320.96,134,320.97,31,320.98,335,320.99,320.835
2025-06-06 11:05:52,1107,320.79,1000,320.78,1102,320.77,1866,320.76,384,320.75,334,320.74,583,320.73,185,320.72,1138,320.71,70,320.7,95,320.9,163,320.91,152,320.92,34,320.93,235,320.94,81,320.95,39,320.96,45,320.97,315,320.98,435,320.99,320.845
2025-06-06 11:06:02,952,320.77,1866,320.76,430,320.75,34,320.74,237,320.73,185,320.72,1438,320.71,370,320.7,84,320.69,542,320.68,151,320.89,121,320.9,50,320.91,52,320.92,234,320.93,35,320.94,185,320.95,39,320.96,381,320.97,431,320.98,320.83
2025-06-06 11:06:12,952,320.77,1832,320.76,384,320.75,34,320.74,183,320.73,842,320.72,1180,320.71,570,320.7,84,320.69,497,320.68,134,320.9,50,320.91,52,320.92,284,320.93,181,320.94,185,320.95,349,320.96,435,320.97,31,320.98,271,320.99,320.835
2025-06-06 11:06:22,1832,320.76,450,320.75,176,320.74,215,320.73,685,320.72,1138,320.71,306,320.7,1084,320.69,197,320.68,520,320.67,99,320.89,1811,320.9,135,320.91,302,320.92,34,320.93,35,320.94,87,320.95,339,320.96,585,320.97,140,320.98,320.825
2025-06-06 11:06:32,384,320.75,76,320.74,137,320.73,317,320.72,1538,320.71,1106,320.7,1984,320.69,197,320.68,284,320.67,2315,320.66,526,320.9,66,320.91,52,320.92,90,320.93,35,320.94,419,320.95,348,320.96,485,320.97,334,320.98,35,320.99,320.825
2025-06-06 11:06:43,237,320.73,596,320.72,1138,320.71,70,320.7,1034,320.69,197,320.68,330,320.67,544,320.66,3120,320.65,534,320.64,1212,320.84,97,320.85,34,320.88,484,320.89,737,320.9,285,320.91,152,320.92,34,320.93,35,320.94,45,320.95,320.78499999999997
2025-06-06 11:06:53,90,320.72,1138,320.71,348,320.7,1034,320.69,197,320.68,284,320.67,280,320.66,3120,320.65,1080,320.64,241,320.63,645,320.84,197,320.85,100,320.86,180,320.87,34,320.88,484,320.89,891,320.9,185,320.91,52,320.92,34,320.93,320.78
2025-06-06 11:07:03,150,320.74,245,320.73,476,320.72,1138,320.71,380,320.7,1334,320.69,197,320.68,230,320.67,280,320.66,4120,320.65,70,320.85,209,320.86,234,320.87,34,320.88,180,320.89,591,320.9,335,320.91,52,320.92,34,320.93,74,320.94,320.795
2025-06-06 11:07:13,450,320.78,1252,320.77,2125,320.76,430,320.75,134,320.74,137,320.73,35,320.72,1638,320.71,160,320.7,1034,320.69,218,320.9,86,320.91,91,320.92,34,320.93,35,320.94,45,320.95,49,320.96,191,320.97,318,320.98,444,320.99,320.84
2025-06-06 11:07:23,450,320.75,34,320.74,609,320.73,377,320.72,1438,320.71,160,320.7,230,320.69,697,320.68,184,320.67,2636,320.66,61,320.89,1475,320.9,135,320.91,302,320.92,1180,320.93,35,320.94,45,320.95,49,320.96,45,320.97,484,320.98,320.82
2025-06-06 11:07:33,103,320.73,368,320.72,1138,320.71,442,320.7,484,320.69,497,320.68,184,320.67,144,320.66,3620,320.65,34,320.64,123,320.86,99,320.87,34,320.88,34,320.89,1726,320.9,35,320.91,312,320.92,1134,320.93,81,320.94,345,320.95,320.795
2025-06-06 11:07:43,351,320.75,450,320.74,437,320.73,35,320.72,1138,320.71,160,320.7,730,320.69,197,320.68,184,320.67,144,320.66,34,320.89,922,320.9,101,320.91,198,320.92,1034,320.93,35,320.94,254,320.95,49,320.96,335,320.97,184,320.98,320.82
2025-06-06 11:07:53,334,320.74,437,320.73,35,320.72,1138,320.71,206,320.7,1684,320.69,697,320.68,34,320.67,181,320.66,5283,320.65,74,320.89,513,320.9,135,320.91,98,320.92,34,320.93,135,320.94,45,320.95,49,320.96,519,320.97,284,320.98,320.815
2025-06-06 11:08:03,908,320.79,1402,320.77,2267,320.76,535,320.75,134,320.74,137,320.73,860,320.72,1184,320.71,160,320.7,1684,320.69,22,320.9,1,320.91,68,320.92,34,320.93,81,320.94,145,320.95,49,320.96,176,320.97,668,320.98,235,320.99,320.845
2025-06-06 11:08:13,952,320.77,1967,320.76,385,320.75,434,320.74,437,320.73,271,320.72,1734,320.71,296,320.7,1684,320.69,197,320.68,145,320.9,51,320.91,68,320.92,137,320.93,317,320.94,445,320.95,49,320.96,154,320.97,184,320.98,263,320.99,320.835
2025-06-06 11:08:23,34,320.74,137,320.73,303,320.72,1188,320.71,796,320.7,1630,320.69,497,320.68,91,320.67,2766,320.66,3106,320.65,170,320.9,44,320.91,248,320.92,334,320.93,195,320.94,545,320.95,349,320.96,35,320.97,67,320.98,240,320.99,320.82
2025-06-06 11:08:33,34,320.74,137,320.73,166,320.72,1188,320.71,296,320.7,1630,320.69,997,320.68,34,320.67,644,320.66,3106,320.65,183,320.89,204,320.9,419,320.91,248,320.92,134,320.93,195,320.94,545,320.95,349,320.96,35,320.97,35,320.98,320.815
2025-06-06 11:08:43,1095,320.77,2013,320.76,535,320.75,76,320.74,237,320.73,92,320.72,1188,320.71,60,320.7,1134,320.69,697,320.68,2,320.9,91,320.91,13,320.92,84,320.93,418,320.94,361,320.95,349,320.96,35,320.97,385,320.98,496,320.99,320.835
2025-06-06 11:08:53,1241,320.77,2117,320.76,385,320.75,34,320.74,279,320.73,35,320.72,1188,320.71,92,320.7,1034,320.69,697,320.68,2,320.89,26,320.9,100,320.91,102,320.92,84,320.93,418,320.94,364,320.95,349,320.96,40,320.97,384,320.98,320.83
2025-06-06 11:09:03,1132,320.77,2067,320.76,385,320.75,34,320.74,179,320.73,271,320.72,1188,320.71,60,320.7,1034,320.69,797,320.68,18,320.89,232,320.9,14,320.91,136,320.92,234,320.93,418,320.94,397,320.95,349,320.96,40,320.97,493,320.98,320.83
2025-06-06 11:09:13,270,320.74,137,320.73,167,320.72,1188,320.71,159,320.7,1034,320.69,197,320.68,500,320.67,496,320.66,3106,320.65,9,320.87,10,320.88,175,320.89,105,320.9,110,320.91,336,320.92,534,320.93,34,320.94,97,320.95,86,320.96,320.805
2025-06-06 11:09:23,37,320.73,35,320.72,1188,320.71,60,320.7,270,320.69,229,320.68,434,320.67,560,320.66,3106,320.65,1000,320.64,2,320.85,124,320.86,252,320.87,326,320.88,75,320.89,105,320.9,194,320.91,425,320.92,634,320.93,1334,320.94,320.79
2025-06-06 11:09:33,37,320.73,35,320.72,1334,320.71,102,320.7,34,320.69,197,320.68,134,320.67,496,320.66,3106,320.65,1000,320.64,37,320.84,119,320.85,130,320.86,21,320.87,291,320.88,175,320.89,405,320.9,501,320.91,87,320.92,84,320.93,320.78499999999997
2025-06-06 11:09:43,137,320.73,35,320.72,1138,320.71,102,320.7,34,320.69,243,320.68,134,320.67,541,320.66,3106,320.65,500,320.64,104,320.84,140,320.85,86,320.86,219,320.87,391,320.88,225,320.89,492,320.9,595,320.91,39,320.92,84,320.93,320.78499999999997
2025-06-06 11:09:53,911,320.79,986,320.77,2117,320.76,385,320.75,284,320.74,37,320.73,507,320.72,1184,320.71,1060,320.7,34,320.69,80,320.91,41,320.92,230,320.93,34,320.94,97,320.95,356,320.96,335,320.97,493,320.98,436,320.99,1102,321.0,320.85
2025-06-06 11:10:03,882,320.8,911,320.79,34,320.78,986,320.77,2067,320.76,385,320.75,34,320.74,383,320.73,835,320.72,1288,320.71,59,320.91,84,320.93,534,320.94,153,320.95,49,320.96,92,320.97,343,320.98,536,320.99,1552,321.0,1337,321.01,320.855
2025-06-06 11:10:13,840,320.8,911,320.79,986,320.77,2067,320.76,385,320.75,534,320.74,509,320.73,577,320.72,1288,320.71,1106,320.7,13,320.91,49,320.92,233,320.93,384,320.94,507,320.95,449,320.96,35,320.97,155,320.98,236,320.99,1252,321.0,320.855
2025-06-06 11:10:23,940,320.8,953,320.79,420,320.78,986,320.77,2117,320.76,685,320.75,334,320.74,37,320.73,535,320.72,1434,320.71,173,320.93,57,320.94,107,320.95,49,320.96,335,320.97,248,320.98,343,320.99,1252,321.0,1337,321.01,370,321.02,320.865
2025-06-06 11:10:33,369,320.83,5785,320.82,1334,320.81,1024,320.8,945,320.79,184,320.78,1986,320.77,1967,320.76,531,320.75,34,320.74,206,320.96,96,320.97,143,320.98,282,320.99,1802,321.0,37,321.01,70,321.02,41,321.03,185,321.04,35,321.05,320.895
2025-06-06 11:10:43,2013,320.76,385,320.75,134,320.74,187,320.73,166,320.72,1288,320.71,160,320.7,500,320.69,163,320.68,51,320.67,9,320.9,143,320.91,22,320.92,200,320.93,384,320.94,334,320.95,602,320.96,35,320.97,89,320.98,322,320.99,320.83
2025-06-06 11:10:53,134,320.78,986,320.77,1967,320.76,385,320.75,122,320.74,37,320.73,335,320.72,1588,320.71,170,320.7,534,320.69,168,320.92,39,320.93,468,320.94,1140,320.95,298,320.96,42,320.97,335,320.98,541,320.99,1810,321.0,237,321.01,320.85
2025-06-06 11:11:03,137,320.73,81,320.72,1288,320.71,60,320.7,34,320.69,197,320.68,66,320.67,758,320.66,3356,320.65,1000,320.64,126,320.89,236,320.9,652,320.91,334,320.92,189,320.93,80,320.94,1040,320.95,152,320.96,235,320.97,271,320.98,320.81
2025-06-06 11:11:13,34,320.74,37,320.73,135,320.72,1184,320.71,60,320.7,134,320.69,239,320.68,684,320.67,374,320.66,3756,320.65,187,320.87,355,320.88,413,320.89,514,320.9,417,320.91,486,320.92,184,320.93,270,320.94,1186,320.95,261,320.96,320.805
2025-06-06 11:11:23,1933,320.76,427,320.75,284,320.74,37,320.73,213,320.72,1138,320.71,60,320.7,570,320.69,758,320.68,1184,320.67,2,320.89,67,320.9,382,320.91,679,320.92,34,320.93,80,320.94,1340,320.95,561,320.96,185,320.97,35,320.98,320.825
2025-06-06 11:11:33,76,320.74,37,320.73,135,320.72,1138,320.71,92,320.7,237,320.69,197,320.68,184,320.67,744,320.66,3290,320.65,234,320.85,365,320.86,306,320.87,1340,320.88,366,320.89,38,320.9,417,320.91,525,320.92,34,320.93,34,320.94,320.795
2025-06-06 11:11:43,167,320.72,1138,320.71,102,320.7,80,320.69,297,320.68,184,320.67,744,320.66,3290,320.65,600,320.64,207,320.63,338,320.85,204,320.86,100,320.87,1095,320.88,600,320.89,486,320.9,463,320.91,234,320.92,34,320.93,34,320.94,320.785
2025-06-06 11:11:53,263,320.68,222,320.67,210,320.66,3106,320.65,134,320.64,283,320.63,121,320.62,944,320.61,290,320.6,937,320.59,369,320.8,391,320.81,1904,320.82,450,320.83,430,320.84,722,320.85,37,320.86,184,320.87,1143,320.88,39,320.89,320.74
2025-06-06 11:12:03,10,320.66,3106,320.65,207,320.63,41,320.62,444,320.61,313,320.6,1737,320.59,1132,320.58,2548,320.57,5317,320.56,556,320.77,228,320.78,134,320.79,461,320.8,334,320.81,1723,320.82,303,320.83,184,320.84,781,320.85,434,320.86,320.71500000000003
2025-06-06 11:12:13,3256,320.65,307,320.63,75,320.62,444,320.61,201,320.6,1737,320.59,1132,320.58,2548,320.57,5317,320.56,3710,320.55,358,320.77,228,320.78,506,320.79,461,320.8,284,320.81,1723,320.82,153,320.83,116,320.84,781,320.85,434,320.86,320.71
2025-06-06 11:12:23,10,320.66,3106,320.65,42,320.64,207,320.63,175,320.62,444,320.61,201,320.6,1737,320.59,586,320.58,2548,320.57,308,320.77,228,320.78,416,320.79,515,320.8,184,320.81,1973,320.82,153,320.83,141,320.84,781,320.85,334,320.86,320.71500000000003
2025-06-06 11:12:33,3206,320.65,184,320.64,241,320.63,75,320.62,444,320.61,201,320.6,1437,320.59,332,320.58,2548,320.57,5217,320.56,472,320.78,269,320.79,388,320.8,230,320.81,1723,320.82,550,320.83,391,320.84,683,320.85,34,320.86,234,320.87,320.715
2025-06-06 11:12:43,5191,320.56,3360,320.55,2626,320.54,30200,320.53,334,320.52,68,320.51,5899,320.5,844,320.49,34,320.48,284,320.47,192,320.67,206,320.68,256,320.69,1000,320.7,134,320.71,34,320.72,191,320.73,434,320.74,230,320.75,334,320.76,320.615
2025-06-06 11:12:53,1003,320.59,319,320.58,839,320.57,5341,320.56,3360,320.55,2817,320.54,31554,320.53,234,320.52,114,320.51,5600,320.5,6,320.7,284,320.72,34,320.73,80,320.74,134,320.75,314,320.76,334,320.77,143,320.78,484,320.79,515,320.8,320.645
2025-06-06 11:13:03,7,320.63,827,320.62,742,320.61,1251,320.6,937,320.59,137,320.58,739,320.57,5237,320.56,3360,320.55,3017,320.54,19,320.74,34,320.75,86,320.76,34,320.77,34,320.78,80,320.79,415,320.8,134,320.81,134,320.82,318,320.83,320.685
2025-06-06 11:13:13,91,320.69,302,320.68,609,320.67,1521,320.66,2015,320.65,184,320.64,1573,320.63,1075,320.62,1490,320.61,1101,320.6,663,320.8,34,320.81,34,320.82,80,320.83,84,320.84,488,320.85,243,320.86,34,320.87,34,320.88,46,320.89,320.745
2025-06-06 11:13:23,211,320.68,117,320.67,1355,320.66,2149,320.65,334,320.64,1341,320.63,1311,320.62,2044,320.61,1652,320.6,1937,320.59,507,320.81,34,320.82,134,320.83,230,320.84,388,320.85,34,320.86,34,320.87,184,320.88,403,320.89,555,320.9,320.745
